% Put you own bibliography entries in this file



@article{aad2020performance,
title={Performance of electron and photon triggers in ATLAS during LHC Run 2},
author={Aad, Georges and Abbott, Brad and Abbott, Dale Charles and Abud, A Abed and Abeling, Kira and Abhayasinghe, Deshan Kavishka and Abidi, Syed Haider and AbouZeid, OS and Abraham, NL and Abramowicz, Halina and others},
journal={The European Physical Journal C},
volume={80},
number={1},
pages={47},
year={2020},
publisher={Springer}
}


@article{aaboud2019electron,
title={Electron reconstruction and identification in the ATLAS experiment using the 2015 and 2016 LHC proton--proton collision data at TeV},
author={Aaboud, Morad and Aad, Georges and Abbott, Brad and Abbott, Dale Charles and Abeloos, B and Abhayasinghe, DK and Abidi, SH and AbouZeid, OS and Abraham, NL and Abramowicz, H and others},
journal={The European Physical Journal C},
volume={79},
number={8},
pages={1--40},
year={2019},
publisher={Springer}
}

@article{dos2006neural,
title={Neural triggering system operating on high resolution calorimetry information},
author={dos Anjos, Andre and Torres, RC and Seixas, JM de and Ferreira, BC and Xavier, TC},
journal={Nuclear Instruments and Methods in Physics Research Section A: Accelerators, Spectrometers, Detectors and Associated Equipment},
volume={559},
number={1},
pages={134--138},
year={2006},
publisher={Elsevier}
}

@article{Cybenko1989,
author = {Cybenko, G.},
doi = {10.1007/BF02551274},
file = {:Users/wsfreund/Documents/Mendeley/files/Cybenko{\_}1989{\_}Mathematics of Control, Signals, and Systems{\_}Approximation by superpositions of a sigmoidal function.pdf:pdf},
issn = {0932-4194},
journal = {Math. Control. Signals, Syst.},
mendeley-groups = {Machine Learning,Machine Learning/DenseNN},
month = {dec},
number = {4},
pages = {303--314},
publisher = {Springer-Verlag},
title = {{Approximation by superpositions of a sigmoidal function}},
url = {http://link.springer.com/10.1007/BF02551274},
volume = {2},
year = {1989}
}
@article{Hornik1990,
address = {Oxford, UK, UK},
author = {Hornik, Kurt and Stinchcombe, Maxwell and White, Halbert},
doi = {10.1016/0893-6080(90)90005-6},
file = {:Users/wsfreund/Documents/Mendeley/files/Hornik, Stinchcombe, White{\_}1990{\_}Neural Netw.{\_}Universal Approximation of an Unknown Mapping and Its Derivatives Using Multilayer Feedforw.pdf:pdf},
issn = {0893-6080},
journal = {Neural Netw.},
mendeley-groups = {Machine Learning,Machine Learning/DenseNN},
month = {oct},
number = {5},
pages = {551--560},
publisher = {Elsevier Science Ltd.},
title = {{Universal Approximation of an Unknown Mapping and Its Derivatives Using Multilayer Feedforward Networks}},
url = {http://dx.doi.org/10.1016/0893-6080(90)90005-6},
volume = {3},
year = {1990}
}

@article{Funahashi1989,
address = {Oxford, UK, UK},
author = {Funahashi, K},
doi = {10.1016/0893-6080(89)90003-8},
issn = {0893-6080},
journal = {Neural Netw.},
mendeley-groups = {Machine Learning,Machine Learning/DenseNN},
month = {may},
number = {3},
pages = {183--192},
publisher = {Elsevier Science Ltd.},
title = {{On the Approximate Realization of Continuous Mappings by Neural Networks}},
url = {http://dx.doi.org/10.1016/0893-6080(89)90003-8},
volume = {2},
year = {1989}
}


@misc{ATR-15954,
author = {{ATLAS Collaboration}},
title = {Enhanced bias reprocessing in 2017 (ATR-15954)},
url = {https://atlas-trig-cost.cern.ch/?dir=CostProcessings-2017\&type=21.0.19\&tag=cost-reprocessing-ATR-15954\&run=309640\&range=All\&level=HLT\&summary=SliceCPU}
}

@article{1989_spacal,
title         = "A novel way of electron identification in calorimeters",
journal       = "Nuclear Instruments and Methods in Physics Research Section A: Accelerators, Spectrometers, Detectors and Associated Equipment",
volume        = "279",
number        = "3",
pages         = "467 - 472",
year          = "1989",
issn          = "0168-9002",
doi           = "https://doi.org/10.1016/0168-9002(89)91293-X",
url           = "http://www.sciencedirect.com/science/article/pii/016890028991293X",
author        = "R. Desalvo and F.G. Hartjes and A.M. Henriques and B. Ong and H.P. Paar and C. Scheel and P. Sonderegger and R. Wigmans and A. Zichichi",
}

@article{1991_spacal_pulse_width,
title           = "Electron-pion discrimination with a scintillating fiber calorimeter",
journal         = "Nuclear Instruments and Methods in Physics Research Section A: Accelerators, Spectrometers, Detectors and Associated Equipment",
volume          = "302",
number          = "1",
pages           = "36 - 46",
year            = "1991",
issn            = "0168-9002",
doi             = "http://dx.doi.org/10.1016/0168-9002(91)90489-D",
url             = "http://www.sciencedirect.com/science/article/pii/016890029190489D",
author          = "D. Acosta and S. Buontempo and L. Calôba and M. Caria and R. DeSalvo and A. Ereditato and R. Ferrari and M. Fraternali and G. Fumagalli and V.G. Goggi and F.G. Hartjes and W. Hao and Th.H. Henkes and A. Henriques and L. Linssen and M. Livan and A. Maio and L. Mapelli and K.H. Meier and R.M. Mondardini and B. Ong and H.P. Paar and F. Pastore and M. Pereira and L. Poggioli and G. Polesello and C.V. Scheel and J.M. Seixas and A. Simon and M. Sivertz and P. Sonderegger and M.N. Souza and Z.D. Thome and V. Vercesi and Y. Wang and R. Wigmans and C. Xu",
}

@article{1991_spacal_emid,
title           = "Localizing particles showering in a Spaghetti Calorimeter",
journal         = "Nuclear Instruments and Methods in Physics Research Section A: Accelerators, Spectrometers, Detectors and Associated Equipment",
volume          = "305",
number          = "1",
pages           = "55 - 70",
year            = "1991",
issn            = "0168-9002",
doi             = "http://dx.doi.org/10.1016/0168-9002(91)90519-V",
author          = "D. Acosta and S. Buontempo and L. Calôba and M. Caria and R. DeSalvo and A. Ereditato and R. Ferrari and G. Fumagalli and G. Goggi and W. Hao and F.G. Hartjes and A. Henriques and L. Linssen and M. Livan and A. Maio and L. Mapelli and M.R. Mondardini and B. Ong and H.P. Paar and F. Pastore and M. Pereira and L. Poggioli and F. Riccardi and C.V. Scheel and J. Schmitz and J.M. Seixas and A. Simon and M. Sivertz and P. Sonderegger and M.N. Souza and Z.D. Thome and V. Vercesi and Y. Wang and R. Wigmans and C. Xu",
}

@article{1992_spacal_rings,
title           = "The performance of a lead/scintillating-fiber calorimeter at LHC/SSC compatible gate widths ",
journal         = "Nuclear Instruments and Methods in Physics Research Section A: Accelerators, Spectrometers, Detectors and Associated Equipment ",
volume          = "314",
number          = "3",
pages           = "431 - 449",
year            = "1992",
issn            = "0168-9002",
doi             = "http://dx.doi.org/10.1016/0168-9002(92)90235-V",
author          = "D. Acosta and P. Avellino and S. Buontempo and L. Calôba and R. DeSalvo and A. Ereditato and R. Ferrari and G. Fumagalli and G. Goggi and W. Hao and A. Henriques and Linssen and M. Livan and A. Maio and M.R. Mondardini and B. Ong and H.P. Paar and F. Pastore and E. Pennacchio and L. Poggioli and G. Polesello and F. Riccardi and A. Rimoldi and C.V. Scheel and J.M. Seixas and A. Simon and C. Silva and M. Sivertz and P. Sonderegger and M.N. Souza and Z.D. Thomé and V. Vercesi and Y. Wang and R. Wigmans and C. Xu"
}

@article{1995_seixas_ringer,
title           = "Neural second-level trigger system based on calorimetry ",
journal         = "Computer Physics Communications ",
volume          = "95",
number          = "2–3",
pages           = "143 - 157",
year            = "1996",
issn            = "0010-4655",
doi             = "http://dx.doi.org/10.1016/0010-4655(96)00012-4",
author          = "J.M. Seixas and L.P. Caloba and M.N. Souza and A.L. Braga and A.P. Rodrigues"
}

@inproceedings{2003_anjos,
    author    = "dos Anjos, A. and Seixas, J. M.",
    title     = "{Neural particle discrimination for triggering
                      interesting physics channels with calorimetry data}",
    booktitle = "{Advanced computing and analysis techniques in physics
                      research. Proceedings, 8th International Workshop, ACAT
                      2002, Moscow, Russia, June 24-28, 2002}",
    journal   = "Nucl. Instrum. Meth.",
    volume    = "A502",
    year      = "2003",
    pages     = "713-715",
    doi       = "10.1016/S0168-9002(03)00553-9",
}

@ARTICLE{1998_anjos_dantas,
author          = {J. M. Seixas and L. P. Caloba and A. R. Anjos and B. Kastrup and A. C. H. Dantas and R. Linhares},
journal         = {IEEE Transactions on Nuclear Science},
title           = {A neural online triggering system based on parallel processing},
year            = {1998},
volume          = {45},
number          = {4},
pages           = {1814-1818},
doi             = {10.1109/23.710942},
ISSN            = {0018-9499},
}

@incollection{2010_torres,
author        = {R. C. Torres and E. {Simas Filho} and D. Lima and J. M. Seixas},
title         = {Segmented Online Neural Filtering System Based On Independent Components Of Pre-Processed Information},
editor        = {Sebastian Miron},
booktitle     = {Signal Processing},
publisher     = {IntechOpen},
year          = 2010,
pages         = {337--358},
chapter       = 17,
doi           = {10.5772/8537},
}


@article{2010_simas,
author          = {{Simas Filho}, Eduardo F. and de Seixas, Jos{\'{e}} Manoel and Cal{\^{o}}ba, Luiz Pereira},
doi             = {10.1016/J.NEUCOM.2010.03.025},
issn            = {0925-2312},
journal         = {Neurocomputing},
mendeley-groups = {ATLAS/Egamma/Ringer},
number          = {16-18},
pages           = {2820--2828},
publisher       = {Elsevier},
title           = {{Modified post-nonlinear ICA model for online neural discrimination}},
url             = {https://www.sciencedirect.com/science/article/pii/S0925231210002511},
volume          = {73},
year            = {2010},
}

@article{2012_ciodaro,
author        = {T Ciodaro and D Deva and J M de Seixas and D Damazio},
title         = {Online particle detection with Neural Networks based on topological calorimetry information},
journal       = {Journal of Physics: Conference Series},
volume        = {368},
number        = {1},
pages         = {012030},
url           = {http://stacks.iop.org/1742-6596/368/i=1/a=012030},
year          = {2012},
}

@article{Abbott:2018ikt,
    author         = "Abbott, B. and others",
    title          = "{Production and integration of the ATLAS Insertable
                      B-Layer}",
    collaboration  = "ATLAS IBL",
    journal        = "JINST",
    volume         = "13",
    year           = "2018",
    number         = "05",
    pages          = "T05008",
    doi            = "10.1088/1748-0221/13/05/T05008",
    year           = "2018",
    eprint         = "1803.00844",
    archivePrefix  = "arXiv",
    primaryClass   = "physics.ins-det",
    SLACcitation   = "%%CITATION = ARXIV:1803.00844;%%"
}



@Booklet{ATL-COM-PHYS-2017-1012,
    author        = "Anastopoulos, Christos and Aperio Bella, Ludovica and
                     Brendlinger, Kurt and Benhar Noccioli, Eleonora and
                     Diaconu, Cristinel and Ellajosyula, Venugopal and Flores,
                     Lucas Macrorie and Fletcher, Rob Roy MacGregor and Gugel,
                     Ralf and Heim, Sarah and Hubaut, Fabrice and Kahn,
                     Sebastien Jonathan and Kroll, Joseph Ira and Monnier,
                     Emmanuel and Reichert, Joseph and Tackmann, Kerstin and
                     Thais, Savannah Jennifer and Thomson, Evelyn and Wang, Chao
                     and Zhang, Ruiqi",
    title         = "{Support Note for Electron ID: electron reconstruction and
                     identification}",
    howpublished  = "ATL-COM-PHYS-2017-1012",
    year          = "2017",
    url           = "https://cds.cern.ch/record/2273328",
}

ATLAS-PERF-2017-01-002' (section 0)
@Booklet{ATLAS-PERF-2017-01-002,
  author         = "{ATLAS Collaboration}",
  title          = "{Electron reconstruction and identification in the ATLAS
    experiment using the 2015 and 2016 LHC proton--proton collision data at
    $\sqrt{s}$=13~TeV}",
  howpublished   = "{ATLAS-PERF-2017-01-002}",
  url            = "https://cds.cern.ch/record/2641597",
  year           = "2018",
  note           = "Version 2.0.",
}

@inproceedings{denby1990neural,
    author         = "Denby, Bruce H.",
    title          = "{Neural network tutorial for high-energy physicists}",
    booktitle      = "{New computing techniques in physics research.
                      Proceedings, 1st International Workshop on Software
                      Engineering, Artificial Intelligence and Expert Systems in
                      High-Energy and Nuclear Physics, Lyon, France, March
                      19-24, 1990}",
    url            = "http://lss.fnal.gov/cgi-bin/find_paper.pl?conf-90-94",
    year           = "1990",
    pages          = "481-494",
    reportNumber   = "FERMILAB-CONF-90-094",
    SLACcitation   = "%%CITATION = FERMILAB-CONF-90-094;%%"
}

@inproceedings{2016_acat_ringer,
author="{ATLAS Collaboration}",
title={Ring-shaped Calorimetry Information for a Neural Egamma Identification with ATLAS Detector},
journal={Journal of Physics: Conference Series},
volume={762},
number={1},
pages={012049},
url={http://stacks.iop.org/1742-6596/762/i=1/a=012049},
    access={21 de abril de 2018},
year={2017},
}






@book{kendalls_vol2a,
    author    = "Stuart, Alan and Ord, J. Keith and Arnold, Steven",
    title     = "{Classical Inference \& the Linear Model}",
    publisher = {Oxford University Press},
    address   = "198 Madison Avenue, New York, NY, 10016",
    series    = "Kendall's Advanced Theory of Statistics",
    volume    = "2",
    year      = "1999",
    issn      = "0 340 66230 7",
    pages     = "885",
    edition   = "6",
}




@techreport{CERN-LHCC-2017-020,
      collaboration = "ATLAS",
      title         = "{Technical Design Report for the Phase-II Upgrade of the
                       ATLAS TDAQ System}",
      institution   = "CERN",
      reportNumber  = "CERN-LHCC-2017-020, ATLAS-TDR-029",
      address       = "Geneva",
      year          = "2017",
      url           = "https://cds.cern.ch/record/2285584",
      doi           = "10.17181/CERN.2LBB.4IAL",
}


@incollection{SharkeyCombNN,
author = {Sharkey, Amanda J.C.},
booktitle = {Comb. Artif. Neural Nets},
chapter = {1},
doi = {10.1007/978-1-4471-0793-4},
editor = {{J.G. Taylor}},
isbn = {978-1-85233-004-0},
publisher = {Springer London},
title = {{Multi-Net Systems}},
url = {http://link.springer.com/10.1007/978-1-4471-0793-4},
year = {1999}
}

@incollection{Fine1999,
author = {Fine, I. and Jacobs, R.},
booktitle = {Comb. Artif. Neural Nets},
chapter = {8},
doi = {10.1007/978-1-4471-0793-4},
editor = {{J.G. Taylor}},
isbn = {978-1-85233-004-0},
publisher = {Springer London},
title = {{Comparison of Visual Cue Combination Methods}},
year = {1999}
}


@article{Polikar2006,
archivePrefix = {arXiv},
arxivId = {arXiv:1011.1669v3},
author = {Polikar, Robi},
doi = {10.1109/MCAS.2006.1688199},
eprint = {arXiv:1011.1669v3},
isbn = {1531-636X},
issn = {1531636X},
journal = {IEEE Circuits Syst. Mag.},
keywords = {Classifier combination,Classifier diversity,Classifier fusion,Classifier selection,Data fusion,Incremental learning,Multiple classifier systems},
number = {3},
pages = {21--44},
pmid = {23846570},
title = {{Ensemble based systems in decision making}},
url = {http://ieeexplore.ieee.org/document/1688199/},
volume = {6},
year = {2006}
}

@article{Auda1999,
author = {Auda, G and Kamel, M},
doi = {10.1142/S0129065799000125},
isbn = {0129-0657 (Print)$\backslash$r0129-0657 (Linking)},
issn = {0129-0657},
journal = {Int J Neural Syst},
keywords = {Biology/ instrumentation/trends,Computers,Data Collection,Expert Systems,Humans,Learning/physiology,Motivation,Neural Networks (Computer),Psychology/instrumentation/trends},
mendeley-groups = {Machine Learning/Ensemble},
number = {2},
pages = {129--151},
pmid = {10529085},
title = {{Modular neural networks: a survey}},
volume = {9},
year = {1999}
}


@book{zhou_ensemble,
author = {Zhou, Zhi-Hua},
title = {Ensemble Methods: Foundations and Algorithms},
year = {2012},
isbn = {1439830037, 9781439830031},
edition = {1st},
publisher = {Chapman \& Hall/CRC},
} 
@inproceedings{Auda1994,
author = {Auda, G. and Kamel, M. and Raafat, H.},
booktitle = {Proc. 1994 IEEE Int. Conf. Neural Networks},
doi = {10.1109/ICNN.1994.374472},
isbn = {0-7803-1901-X},
mendeley-groups = {Machine Learning/Ensemble},
pages = {1301--1306},
publisher = {IEEE},
title = {{A new neural network structure with cooperative modules}},
url = {http://ieeexplore.ieee.org/document/374472/},
year=1994,
volume = {3}
}

@article{Joe1990,
author = {Joe, Kazuki and Mori, Yoshihiro and Miyake, Sei},
doi = {10.1002/cpe.4330020202},
issn = {10403108},
journal = {Concurr. Pract. Exp.},
mendeley-groups = {Machine Learning/Ensemble},
month = {jun},
number = {2},
pages = {79--107},
publisher = {John Wiley {\&} Sons, Ltd},
title = {{Construction of a large-scale neural network: Simulation of handwritten Japanese character recognition on NCUBE}},
url = {http://doi.wiley.com/10.1002/cpe.4330020202},
volume = {2},
year = {1990}
}




@book{Goodfellow2016,
title={Deep learning},
author={Goodfellow, Ian and Bengio, Yoshua and Courville, Aaron},
journal={Adaptive Computation and Machine Learning series},
url={http://www.deeplearningbook.org},
access={21 de abril de 2018},
pages={800},
year={2016},
}


@article{Lee2003,
author = {Lee, Seung-Chang},
doi = {10.1016/S0141-0296(03)00004-X},
issn = {01410296},
journal = {Eng. Struct.},
mendeley-groups = {Machine Learning/Ensemble},
month = {jun},
number = {7},
pages = {849--857},
title = {{Prediction of concrete strength using artificial neural networks}},
url = {http://linkinghub.elsevier.com/retrieve/pii/S014102960300004X},
volume = {25},
year = {2003}
}

@article{Gagarin1994,
author = {Gagarin, N. and Flood, I. and Albrecht, P.},
doi = {10.1061/(ASCE)0887-3801(1994)8:2(179)},
issn = {0887-3801},
journal = {J. Comput. Civ. Eng.},
mendeley-groups = {Machine Learning/Ensemble},
month = {apr},
number = {2},
pages = {179--200},
title = {{Computing Truck Attributes with Artificial Neural Networks}},
url = {http://ascelibrary.org/doi/10.1061/{\%}28ASCE{\%}290887-3801{\%}281994{\%}298{\%}3A2{\%}28179{\%}29},
volume = {8},
year = {1994}
}


@article{Nakamura1992,
author = {Nakamura, Satoru and Sawai, Hidefumi},
doi = {10.1002/scj.4690231407},
file = {:Users/wsfreund/Documents/Mendeley/files/Nakamura, Sawai{\_}1992{\_}Systems and Computers in Japan{\_}Performance comparison of neural network architectures for speaker-independent phone.pdf:pdf},
issn = {08821666},
journal = {Syst. Comput. Japan},
keywords = {Speech recognition,phoneme recognition,speaker‐independent phoneme recognition,timedelay neural network (TDNN)},
mendeley-groups = {Machine Learning/Ensemble},
month = {jan},
number = {14},
pages = {72--83},
publisher = {John Wiley {\&} Sons, Ltd},
title = {{Performance comparison of neural network architectures for speaker-independent phoneme recognition}},
url = {http://doi.wiley.com/10.1002/scj.4690231407},
volume = {23},
year = {1992}
}

@inproceedings{Mundkur1991,
author = {Mundkur, P.Y. and Desai, U.B.},
booktitle = {[Proceedings] 1991 IEEE Int. Jt. Conf. Neural Networks},
doi = {10.1109/IJCNN.1991.170416},
isbn = {0-7803-0227-3},
mendeley-groups = {Machine Learning/Ensemble},
pages = {281--286},
year=1991,
publisher = {IEEE},
title = {{Automatic target recognition using image and network decomposition}},
url = {http://ieeexplore.ieee.org/document/170416/}
}

@article{Baxt1992,
author = {Baxt, William G.},
doi = {10.1162/neco.1992.4.5.772},
issn = {0899-7667},
journal = {Neural Comput.},
mendeley-groups = {Machine Learning/Ensemble},
month = {sep},
number = {5},
pages = {772--780},
title = {{Improving the Accuracy of an Artificial Neural Network Using Multiple Differently Trained Networks}},
url = {http://www.mitpressjournals.org/doi/10.1162/neco.1992.4.5.772},
volume = {4},
year = {1992}
}


@article{Waibel1989a,
author = {Waibel, Alex},
doi = {10.1162/neco.1989.1.1.39},
issn = {0899-7667},
journal = {Neural Comput.},
mendeley-groups = {Machine Learning/Ensemble},
month = {mar},
number = {1},
pages = {39--46},
publisher = {MIT Press 238 Main St., Suite 500, Cambridge, MA 02142-1046 USA journals-info@mit.edu},
title = {{Modular Construction of Time-Delay Neural Networks for Speech Recognition}},
url = {http://www.mitpressjournals.org/doi/10.1162/neco.1989.1.1.39},
volume = {1},
year = {1989}
}

@inproceedings{Gee-SweePoo1995,
author = {{Gee-Swee Poo}},
booktitle = {Proc. ICNN'95 - Int. Conf. Neural Networks},
doi = {10.1109/ICNN.1995.488988},
isbn = {0-7803-2768-3},
mendeley-groups = {Machine Learning/Ensemble},
pages = {2041--2045},
publisher = {IEEE},
title = {{Connectionist architecture for all Mandarin syllables recognition}},
url = {http://ieeexplore.ieee.org/document/488988/},
volume = {4},
year = {1995}
}


@inproceedings{DeBollivier1991,
author = {de Bollivier, M. and Gallinari, P. and Thiria, S.},
booktitle = {IJCNN-91-Seattle Int. Jt. Conf. Neural Networks},
doi = {10.1109/IJCNN.1991.155397},
isbn = {0-7803-0164-1},
mendeley-groups = {Machine Learning/Ensemble},
pages = {573--576},
publisher = {IEEE},
title = {{Cooperation of neural nets and task decomposition}},
url = {http://ieeexplore.ieee.org/document/155397/},
volume = {ii},
year = {1991}
}

@inproceedings{Schrum2014,
address = {New York, New York, USA},
author = {Schrum, Jacob and Miikkulainen, Risto},
booktitle = {Proc. 2014 Conf. Genet. Evol. Comput. - GECCO '14},
doi = {10.1145/2576768.2598234},
isbn = {9781450326629},
keywords = {games,multi-objective optimization,neural networks},
mendeley-groups = {Machine Learning/Ensemble},
pages = {325--332},
publisher = {ACM Press},
title = {{Evolving multimodal behavior with modular neural networks in Ms. Pac-Man}},
url = {http://dl.acm.org/citation.cfm?doid=2576768.2598234},
year = {2014}
}

@article{Alet2018,
archivePrefix = {arXiv},
arxivId = {1806.10166},
author = {Alet, Ferran and Lozano-P{\'{e}}rez, Tom{\'{a}}s and Kaelbling, Leslie P},
eprint = {1806.10166},
isbn = {1806.10166v1},
keywords = {automatic,ensemble,modularity},
mendeley-groups = {Machine Learning/Ensemble},
mendeley-tags = {automatic,ensemble,modularity},
title = {{Modular meta-learning}},
url = {https://arxiv.org/pdf/1806.10166.pdf http://arxiv.org/abs/1806.10166},
year = {2018}
}



@article{Ohno-Machado1997,
author = {Ohno-Machado, Lucila and Musen, Mark A},
doi = {10.1080/095400997116748},
issn = {0954-0091},
journal = {Conn. Sci.},
keywords = {Modular Neural Networks,Prognosis,Survival Analysis},
mendeley-groups = {Machine Learning/Ensemble},
month = {mar},
number = {1},
pages = {71--86},
publisher = {Taylor {\&} Francis Group},
title = {{Modular Neural Networks for Medical Prognosis: Quantifying the Benefits of Combining Neural Networks for Survival Prediction}},
url = {http://www.tandfonline.com/doi/abs/10.1080/095400997116748},
volume = {9},
year = {1997}
}

@article{Anand1995,
author = {Anand, R. and Mehrotra, K. and Mohan, C.K. and Ranka, S.},
doi = {10.1109/72.363444},
file = {:Users/wsfreund/Documents/Mendeley/files/Anand et al.{\_}1995{\_}IEEE Transactions on Neural Networks{\_}Efficient classification for multiclass problems using modular neural networks.pdf:pdf},
issn = {10459227},
journal = {IEEE Trans. Neural Networks},
mendeley-groups = {Machine Learning/Ensemble},
number = {1},
pages = {117--124},
title = {{Efficient classification for multiclass problems using modular neural networks}},
url = {http://ieeexplore.ieee.org/document/363444/},
volume = {6},
year = {1995}
}

@incollection{Sharkey1996,
address = {London},
annote = {Interesting data fusion paper in the sense of training expert
networks and then fusing them differently.
They use two principles for data fusion in 3.1: training on disjoint datasets
and on different sensors.},
author = {Sharkey, Amanda J. C. and Sharkey, Noel E. and Chandroth, Gopinath O.},
booktitle = {Safe Comp 95},
doi = {10.1007/978-1-4471-3054-3_25},
keywords = {data fusion,expert neural networks},
mendeley-groups = {Machine Learning/Ensemble},
mendeley-tags = {data fusion,expert neural networks},
pages = {375--389},
publisher = {Springer London},
title = {{Neural Nets and Diversity}},
url = {http://link.springer.com/10.1007/978-1-4471-3054-3{\_}25},
year = {1996}
}

@article{Jacobs1991a,
author = {Jacobs, Robert A. and Jordan, Michael I. and Nowlan, Steven J. and Hinton, Geoffrey E.},
doi = {10.1162/neco.1991.3.1.79},
issn = {0899-7667},
journal = {Neural Comput.},
month = {feb},
number = {1},
pages = {79--87},
publisher = {Neural Computation},
title = {{Adaptive Mixtures of Local Experts}},
url = {http://www.mitpressjournals.org/doi/10.1162/neco.1991.3.1.79},
volume = {3},
year = {1991}
}



@article{Yuksel2012,
author = {Yuksel, S. E. and Wilson, J. N. and Gader, P. D.},
doi = {10.1109/TNNLS.2012.2200299},
issn = {2162-237X},
journal = {IEEE Trans. Neural Networks Learn. Syst.},
month = {aug},
number = {8},
pages = {1177--1193},
title = {{Twenty Years of Mixture of Experts}},
url = {http://ieeexplore.ieee.org/document/6215056/},
volume = {23},
year = {2012}
}


@phdthesis{phd_freund,
  author       = "Freund, Werner Spolidoro",
  title        = {Identificação de Elétrons Baseada em um Calorímetro de
                  Altas Energias Finamente Segmentado},
  school       = "COPPE/UFRJ",
  address      = "Brazil",
  year         = "2018",
}

@booklet{DAQ-2018-182,
    author        = "Safarzadeh Samani, Batool and Koeck, Daniela Maria and
                     Spina, Mario and Jones, Samuel David and Hryn'ova, Tetiana
                     and Millar, Declan Andrew and White, Ryan and Monticelli,
                     Fernando and Bold, Tomasz and Grabowska-Bold, Iwona and
                     Burka, Klaudia and Janus, Piotr Andrzej and Kremer, Jakub
                     Andrzej",
    title         = "{ATLAS Electron Trigger and its Performance in Run 2
                     (2015-2018)}",
    howpublished  = "ATL-COM-DAQ-2018-182",
    year          = "2018",
    url           = "https://cds.cern.ch/record/2651056",
}

@techreport{DAQ-2018-184,
    author        = "Monticelli, Fernando and Orellana, Gonzalo Enrique and
                     Hoya, Joaquin and Wahlberg, Hernan",
    title         = "{Performance of Photon triggers in ATLAS during LHC
                     Run-2}",
    institution   = "CERN",
    address       = "Geneva",
    howpublished  = "ATL-COM-DAQ-2018-184",
    year          = "2018",
    url           = "https://cds.cern.ch/record/2652154",
}

@misc{atlas_lumi_run2_results,
 author={{ATLAS Collaboration}},
 title = {Run 2 Luminosity Public Results},
 url = {https://twiki.cern.ch/twiki/bin/view/AtlasPublic/LuminosityPublicResultsRun2},
}

@inproceedings{Krizhevsky2012,
address = {USA},
author = {Krizhevsky, Alex and Sutskever, Ilya and Hinton, Geoffrey E},
booktitle = {Proc. 25th Int. Conf. Neural Inf. Process. Syst. - Vol. 1},
pages = {1097--1105},
publisher = {Curran Associates Inc.},
series = {NIPS'12},
title = {{ImageNet Classification with Deep Convolutional Neural Networks}},
year = {2012}
}

@book{Wigmans2017,
    author        = "Wigmans, Richard",
    title         = "{Calorimetry: energy measurement in particle physics}",
    edition       = "2",
    publisher     = "Oxford University Press",
    address       = "Oxford",
    year          = "2017",
}

@book{Silverman2018,
archivePrefix = {arXiv},
author = {Silverman, Bernard. W.},
booktitle = {Density Estim. Stat. Data Anal.},
doi = {10.1201/9781315140919},
month = {feb},
pages = {1--175},
publisher = {Routledge},
title = {{Density estimation: For statistics and data analysis}},
url = {https://www.taylorfrancis.com/books/9781315140919},
year = {2018},
edition = 1,
}

@misc{grl_site,
author = {{ATLAS Collaboration}},
title = {Good Run Lists for Run~2 Analysis},
url = {https://twiki.cern.ch/twiki/bin/viewauth/AtlasProtected/GoodRunListsForAnalysisRun2}
}

@misc{lobo_carneiro,
author={{NACAD}},
title = {Computational Resource in the Advanced High-Performance Computational Center (NACAD/COPPE/UFRJ): Lobo Carneiro},
url = {http://www.nacad.ufrj.br/pt/recursos/sgiicex},
}

@unpublished{Martin2017a,
title={CPU extrapolations for 2017},
author={Martin, T.},
year={2017},
note={Trigger General Meeting},
URL={https://indico.cern.ch/event/601425/#192-2017-trigger-cost-estimati},
}

@unpublished{Shaw2017,
title={HLT CPU performance gains for 2017 running},
author={Shaw, S. M.},
year={2017},
note={ATLAS Weekly},
URL= {https://indico.cern.ch/event/630659/#6-hlt-cpu-performance-gains-fo},
}

@unpublished{Stelzer2017,
title={Introduction},
author={Stelzer, J. and Nagano, K.},
year={2017},
note={Signature Coordination Meeting},
URL= {https://indico.cern.ch/event/646456/#8-introduction},
}

@unpublished{Martin2017b,
title={CPU measurement result and conclusion},
author={Martin, T.},
year={2017},
note={Trigger Coordination Meeting},
URL= {https://indico.cern.ch/event/597276/#8-cpu-measurement-result-and-c},
}

@unpublished{Love2017,
title={Data Acquisition status report},
author={Love, J. R.},
year={2017},
note={ATLAS Week --- Data Anew},
URL= {https://indico.cern.ch/event/626968/#81-data-acquisition-status-rep},
}

@unpublished{Leonidopoulos2017,
title={Menu review for pre-TS1 data taking and menu planning for the rest of 2017},
author={Leonidopoulos, C. and Nakahama, Y.},
year={2017},
note={ATLAS Week --- Data Anew},
URL={https://indico.cern.ch/event/648899/attachments/1485388/2306199/MCG_29Jun2017.pdf},
}

@misc{ATR-16463,
author={{ATLAS Collaboration}},
title = {ATR-16463: CPU estimates from run 325713 and 325790},
url = {https://its.cern.ch/jira/browse/ATR-16463},
}

@misc{ATR-16227,
author={{ATLAS Collaboration}},
title={ATR-16227: Enhanced-bias reprocessing for 2017 menu cost estimation},
url={https://its.cern.ch/jira/browse/ATR-16227},
}

@unpublished{Freund2015,
title={Ringer offline algorithm},
author={Freund, W. S.},
year={2015},
note={EGamma Meeting},
url={https://indico.cern.ch/event/391478/#1-ringer-offline-algorithm},
}

@book{kendalls_vol2b,
    author    = "O'Hagan, Anthony",
    title     = "{Bayesian Inference}",
    publisher = {Oxford University Press},
    address   = "198 Madison Avenue, New York, NY, 10016",
    series    = "Kendall's Advanced Theory of Statistics",
    volume    = "2B",
    year      = "2004",
    issn      = "0 340 8075 2 0",
    pages     = "480",
    edition   = "2",
}


@book{Engelbrecht2007,
author = {Engelbrecht, Andries P.},
title = {Computational Intelligence: An Introduction},
year = {2007},
isbn = {0470035617},
edition = {2nd},
publisher = {Wiley Publishing},
}

@misc{eb_description,
author={{ATLAS Collaboration}},
title={Description of Enhance-bias stream and the datasets},
url={https://twiki.cern.ch/twiki/bin/view/Atlas/EnhancedBiasData},
}

@misc{eb_specifications,
author={{ATLAS Collaboration}},
title={Specifications for Collecting Data with Enhanced Bias Streams},
url={https://twiki.cern.ch/twiki/bin/view/Atlas/TakingNewEnhancedBiasData},
}

@unpublished{Pinto2017,
title={Ringer validation},
author={Pinto, J. V. F. and Freund, W. S.},
year={2017},
note={EGamma Meeting},
url={https://indico.cern.ch/event/652187/#5-ringer-validation},
}


@misc{ATR-15957,
author = {{ATLAS Collaboration}},
title = {Summary of egamma reprocessings using 21.0.19, 21.0.20 and v7 menu},
url = {https://its.cern.ch/jira/browse/ATR-15957}
}

@misc{RyanComment_ATR-15989,
author = {{ATLAS Collaboration}},
title = {Cost analysis for e/gamma in 21.0.19 with v7 menu},
url = {https://its.cern.ch/jira/browse/ATR-15989?focusedCommentId=1453719\&page=com.atlassian.jira.plugin.system.issuetabpanels\%3Acomment-tabpanel#comment-1453719}
}



@article{ma2015homogeneity,
title={Homogeneity test for correlated binary data},
author={Ma, Changxing and Shan, Guogen and Liu, Song},
journal={PloS one},
volume={10},
number={4},
pages={e0124337},
year={2015},
publisher={Public Library of Science}
}

@book{wickens2014multiway,
title={Multiway contingency tables analysis for the social sciences},
author={Wickens, Thomas D},
year={2014},
publisher={Psychology Press}
}


@Booklet{atlas_recommendations_stats,
  author         = "{ATLAS Collaboration}",
  title          = "{Comments and Recommendations for Statistical Techniques}",
  url            = "https://twiki.cern.ch/twiki/pub/AtlasProtected/ATLASStatisticsFAQ/statf_recommendations.pdf",
  year           = "2010",
}


@book{2009_cichocki_nonnegative,
title={Nonnegative matrix and tensor factorizations: applications to exploratory multi-way data analysis and blind source separation},
author={Cichocki, Andrzej and Zdunek, Rafal and Phan, Anh Huy and Amari, Shun-ichi},
year={2009},
publisher={John Wiley \& Sons}
}

@book{knoll,
    author        = "Knoll, Glenn F",
    title         = "{Radiation Detection and Measurement}",
    edition       = {3},
    publisher     = "Wiley",
    address       = "New York, NY",
    year          = "2000",
}



@book{van_trees_part1,
    author        = "Van Trees, Harry L.",
    title         = "{Part I. Detection, estimation, and modulation theory}",
    series        = {Detection, estimation, and Linear Modulation theory},
    publisher     = "Wiley",
    address       = "Hoboken, NJ",
    year          = "2001",
    issn          = "0-471-22108-2",
}


@Booklet{larg_tdr,
    author = "ATLAS Collaboration",
    title  = "{ATLAS liquid-argon calorimeter: Technical Design Report}",
    year   = "1996",
    howpublished = "CERN-LHCC-96-041",
    url    = "https://cds.cern.ch/record/331061",
}

@Booklet{tile_tdr,
    author = "ATLAS Collaboration",
    title  = "{ATLAS tile calorimeter: Technical Design Report}",
    year   = "1996",
    howpublished  = "CERN-LHCC-96-042",
    url    = "https://cds.cern.ch/record/331062",
}


@Booklet{cal_tdr,
    publisher    = {{ATLAS Collaboration}},
    title        = "ATLAS Calorimeter Performance: Technical Design Report",
    howpublished = "CERN-LHCC-96-40",
    year         = "1996",
    url = "http://cds.cern.ch/record/331059",
}

@Booklet{atlas_tdr_1,
    author        = {{ATLAS Collaboration}},
    title         = "{ATLAS detector and physics performance: Technical Design Report, 1}",
    year          = "1999",
    url           = "https://cds.cern.ch/record/391176",
}

@Booklet{atlas_tdr_2,
    author        = "{ATLAS Collaboration}",
    title         = "{ATLAS detector and physics performance: Technical Design Report, 2}",
    year          = "1999",
    url           = "https://cds.cern.ch/record/391177",
}

@Booklet{ATLAS-TDR-19,
   author       = "{ATLAS Collaboration}",
   title        = "ATLAS Insertable B-Layer Technical Design Report",
   howpublished = "ATLAS-TDR-19",
   year         = "2010",
   url          = "http://cds.cern.ch/record/1291633",
}

@Booklet{inner_tdr1,
    author    = {{ATLAS Collaboration}},
    title     = "ATLAS Inner Detector: Technical Design Report, 1",
    year      = "1997",
    howpublished = "CERN-LHCC-97-016",
    url = "https://cds.cern.ch/record/331063",
}

@book{inner_tdr2,
    author    = {{ATLAS Collaboration}},
    title     = "ATLAS Inner Detector: Technical Design Report, 2",
    year      = "1997",
    howpublished = "CERN-LHCC-97-017",
    url = "http://cds.cern.ch/record/331064",
}

@article{atlas_electron_id_offline,
author = {{ATLAS Collaboration}},
doi = {10.1088/1748-0221/14/03/P03017},
journal = {J. Instrum.},
mendeley-groups = {HEP/Collider/LHC/ATLAS},
month = {mar},
number = {03},
pages = {P03017},
publisher = {IOP Publishing},
title = {Electron and photon energy calibration with the ATLAS detector using 2015--2016 LHC proton-proton collision data},
url = {https://iopscience.iop.org/article/10.1088/1748-0221/14/03/P03017/meta},
volume = {14},
year = {2019}
}

@article{tau_run2_rnn_bdt,
    author         = "Asimakopoulou, Eleni Myrto and {ATLAS Collaboration}",
    title          = {Performance of the ATLAS tau-lepton trigger at the LHC
                      in Run 2},
    booktitle      = "{Proceedings, 29th International Conference on Lepton and
                      Photon Interactions (LP2019): Toronto, Ontario, Canada,
                      August 5-10, 2019}",
    journal        = "PoS",
    volume         = "LeptonPhoton2019",
    year           = "2019",
    pages          = "124",
    doi            = "10.22323/1.367.0124",
}

@article{Radovic2018,
author = {Radovic, Alexander and Williams, Mike and Rousseau, David and Kagan, Michael and Bonacorsi, Daniele and Himmel, Alexander and Aurisano, Adam and Terao, Kazuhiro and Wongjirad, Taritree},
doi = {10.1038/s41586-018-0361-2},
issn = {14764687},
journal = {Nature},
number = {7716},
pages = {41--48},
publisher = {Springer US},
title = {Machine learning at the energy and intensity frontiers of particle physics},
url = {http://dx.doi.org/10.1038/s41586-018-0361-2},
volume = {560},
year = {2018}
}

@techreport{ATLASCollaboration2017f,
author = {{ATLAS Collaboration}},
booktitle = {ATL-PHYS-PUB-2017-017},
title = {Quark versus Gluon Jet Tagging Using Jet Images with the {ATLAS Detector}},
url = {https://cds.cern.ch/record/2275641/files/ATL-PHYS-PUB-2017-017.pdf},
year = {2017}
}


@article{ATLASCollaboration2018c,
archivePrefix = {arXiv},
arxivId = {1808.07858},
author = {{ATLAS Collaboration}},
doi = {10.1140/epjc/s10052-019-6847-8},
eprint = {1808.07858},
journal = {Eur. Phys. J. C},
month = {aug},
number = {5},
pages = {375},
title = {Performance of top-quark and {W}-boson tagging with {ATLAS} in Run 2 of the {LHC}},
url = {https://arxiv.org/pdf/1808.07858.pdf},
volume = {79},
year = {2018}
}

@techreport{ATLASCollaboration2017g,
author = {{ATLAS Collaboration}},
title = {Optimisation and performance studies of the ATLAS {$}b{$}-tagging algorithms for the 2017-18 LHC run},
url = {https://cds.cern.ch/record/2273281/files/ATL-PHYS-PUB-2017-013.pdf},
year = {2017}
}

@article{ATLASCollaboration2016,
author = {{ATLAS Collaboration}},
doi = {10.1088/1748-0221/11/04/P04008},
journal = {J. Instrum.},
month = {apr},
number = {04},
pages = {P04008--P04008},
publisher = {IOP Publishing},
title = {Performance of b-jet identification in the ATLAS experiment},
url = {http://stacks.iop.org/1748-0221/11/i=04/a=P04008?key=crossref.feaf541702a95d17aeb9ca03b33e9a9b},
volume = {11},
year = {2016}
}

@techreport{2015_lcg_tdr,
author = {Bird, I and Buncic, P and Carminati, F and Cattaneo, M and Clarke, P and Fisk, I and Girone, M and Harvey, J and Kersevan, B and Mato, P and Mount, R and Panzer-Steindel, B},
month = {apr},
number = {CERN-LHCC-2014-014. LCG-TDR-002},
title = {Update of the Computing Models of the WLCG and the LHC Experiments},
url = {https://cds.cern.ch/record/1695401},
year = {2014}
}

@article{medeiros2001statistical,
title={Statistical methods for modelling neural networks},
author={Medeiros, Marcelo C and Terasvirta, Timo},
year={2001},
journal={International Journal of Engineering Intelligent Systems},
pages={227--335},
number={7},
}

@misc{ATR-18724,
author = {{ATLAS Collaboration}},
title = {New algo to reduce ROS access for BeexM6000t chains (ATR-18724)},
url = {https://its.cern.ch/jira/browse/ATR-18724}
}


@article{Gu2018,
author = {Gu, Jiuxiang and Wang, Zhenhua and Kuen, Jason and Ma, Lianyang and Shahroudy, Amir and Shuai, Bing and Liu, Ting and Wang, Xingxing and Wang, Gang and Cai, Jianfei and Chen, Tsuhan},
doi = {10.1016/j.patcog.2017.10.013},
issn = {00313203},
journal = {Pattern Recognit.},
keywords = {Convolutional neural network,Deep learning},
month = {may},
pages = {354--377},
title = {{Recent advances in convolutional neural networks}},
volume = {77},
year = {2018}
}


%%%%%%%%%%%%%%%%%%%%%%%%%%%%%%%%%%%
%%      Ringer                   %%
%%%%%%%%%%%%%%%%%%%%%%%%%%%%%%%%%%%
% FIXME: there are irrelevant bibliography here
@INPROCEEDINGS{cba_2016,
author={W. S. Freund and J. V. F. Pinto and J. M. de Seixas},
booktitle={2016 XXI Congresso Brasileiro de Automática},
title={Redes neurais aplicadas na identificação de partículas em um detector finamente segmentado},
year={2016},
pages={3512-3517},
ISSN={2525-8311},
month={Oct},
}
@ARTICLE{1989_cutts_anelamento_d0,
author={D. Cutts and J. S. Hoftun and A. Sornborger and R. V. Astur and C. R. Johnson and R. T. Zeller},
journal={IEEE Transactions on Nuclear Science},
title={The use of neural networks in the D0 data acquisition system},
year={1989},
volume={36},
number={5},
pages={1490-1493},
keywords={data acquisition;neural nets;nuclear electronics;physics computing;real-time systems;D0 experiment;MicroVaxes;back-propagation neural networks;multiport memories;real-time event filtering;Concurrent computing;Data acquisition;Filtering;Intelligent networks;Neural networks;Parallel processing;Pattern recognition;Physics computing;Real time systems;Sampling methods},
doi={10.1109/23.41089},
ISSN={0018-9499},
month={Oct},}

@article{cutts1989neural,
  title={Neural networks for event filtering at D0},
  author={Cutts, Dave and Hoftun, Jan S and Sornborger, Andrew and Johnson, Christopher R and Zeller, Raymond T},
  journal={Computer Physics Communications},
  volume={57},
  number={1-3},
  pages={478--482},
  year={1989},
  publisher={Elsevier}
}

@article{PhysRevLett.62.1709,
  title = {Determination of ${\mathrm{sin}}^{2}$${\mathrm{\ensuremath{\theta}}}_{\mathrm{W}}$ from measurements of differential cross sections for muon-neutrino and -antineutrino scattering by electrons},
  author = {Abe, K. and Ahrens, L. A. and Amako, K. and Aronson, S. H. and Beier, E. W. and Callas, J. L. and Cutts, D. and Diwan, M. V. and Durkin, L. S. and Gibbard, B. G. and Hedin, D. and Hoftun, J. S. and Kabe, S. and Kurihara, Y. and Lanou, R. E. and Mann, A. K. and Marx, M. D. and Murtagh, M. J. and Nagashima, Y. and Newcomer, F. M. and Shinkawa, T. and Stern, E. and Suzuki, Y. and Terada, S. and White, D. H. and Yamaguchi, Y.},
  journal = {Phys. Rev. Lett.},
  volume = {62},
  issue = {15},
  pages = {1709--1712},
  numpages = {0},
  year = {1989},
  month = {Apr},
  publisher = {American Physical Society},
  doi = {10.1103/PhysRevLett.62.1709},
  url = {https://link.aps.org/doi/10.1103/PhysRevLett.62.1709},
      access={21 de abril de 2018},
}

@article{1989_cutts_nn_for_ef,
title = "Neural Networks for event filtering at D0",
journal = "Computer Physics Communications ",
volume = "57",
number = "1–3",
pages = "478 - 482",
year = "1989",
issn = "0010-4655",
doi = "http://dx.doi.org/10.1016/0010-4655(89)90267-1",
url = "http://www.sciencedirect.com/science/article/pii/0010465589902671",
      access={21 de abril de 2018},
author = "Dave Cutts and Jan S. Hoftun and Andrew Sornborger and Christopher R. Johnson and Raymond T. Zeller"
}


@INPROCEEDINGS{1999_expert_nn,
author={F. W. Soares and D. O. Damazio and J. M. Seixas},
booktitle={Electronics, Circuits and Systems, 1999. Proceedings of ICECS '99. The 6th IEEE International Conference on},
title={Particle discrimination using matched filters and expert neural networks},
year={1999},
volume={1},
pages={595-598 vol.1},
keywords={feature extraction;high energy physics instrumentation computing;matched filters;neural nets;particle calorimetry;position sensitive particle detectors;solid scintillation detectors;98 percent;discrimination efficiencies;expert neural networks;high-energy physics;highly segmented calorimeter;impurity identification;incoming particle energy measurement;matched filters;neural processing;optimal linear filtering;particle discrimination;scintillating tile calorimeter;Detectors;Large Hadron Collider;Matched filters;Maximum likelihood detection;Mesons;Neural networks;Particle measurements;Physics;Prototypes;Tiles},
doi={10.1109/ICECS.1999.812355},
month={},}

@techreport{1994_referencia_l2,
      author        = "Hauser, R and Legrand, I",
      title         = "{EAST note 94-37: Algorithms in second-level triggers for
                       ATLAS and benchmark results}",
      institution   = "CERN",
      address       = "Geneva",
      number        = "ATL-DAQ-94-027. ATL-D-PN-27",
      month         = "Dec",
      year          = "1994",
      reportNumber  = "ATL-DAQ-94-027",
      url           = "https://cds.cern.ch/record/685743",
      access={21 de abril de 2018},
}

@techreport{1992_referencia_l2,
      author        = "Bock, RK and Gheorghe, A and Klyuchnikov, G and Krischer,
                       Werner and Nessi, Marzio and Watson, A",
      title         = "{A second-level trigger, based on calorimeter only}",
      institution   = "CERN",
      address       = "Geneva",
      number        = "ATL-DAQ-92-007. ATL-D-PN-7",
      month         = "Oct",
      year          = "1992",
      reportNumber  = "ATL-DAQ-92-007",
      url           = "https://cds.cern.ch/record/685721",
      access={21 de abril de 2018},
}


@phdthesis{tese_xavier,
      author       = "Xavier, Thiago Ciodaro",
      title        = {Identificação Online de Sinais Baseada em Calorimetria de Altas Energias e com Fina Segmentação},
      school       = "COPPE, Universidade Federal do Rio de Janeiro",
      Type         = {Tese de Doutorado em Engenharia Elétrica},
      address      = "Rio de Janeiro",
      year         = "2012",
}

@phdthesis{tese_gama,
      author       = "Gama, Rafael Gonçalves",
      title        = {Filtragem Online Baseada na Fusão de Informação de Detectores Finamente Segmentados},
      school       = "COPPE, Universidade Federal do Rio de Janeiro",
      Type         = {Tese de Doutorado em Engenharia Elétrica},
      address      = "Rio de Janeiro",
      year         = "2017",
}


@phdthesis{tese_simas,
      author       = "Simas Filho, Eduardo Furtado de",
      title        = {Análise Não-Linear de Componentes Independentes para uma Filtragem Online Baseada em Calorimetria de Alta Energia e com Fina Segmentação},
      school       = "COPPE, Universidade Federal do Rio de Janeiro",
      Type         = {Tese de Doutorado em Engenharia Elétrica},
      address      = "Rio de Janeiro",
      year         = "2010",
}

@phdthesis{tese_torres,
      author       = "Torres, Rodrigo Coura",
      title        = {Sistema \emph{Online} de Filtragem em um Ambiente com Alta
                      Taxa de Eventos e Fina Granularidade},
      school       = "COPPE, Universidade Federal do Rio de Janeiro",
      Type         = {Tese de Doutorado em Engenharia Elétrica},
      address      = "Rio de Janeiro",
      year         = "2010",
}

@phdthesis{tese_rabello,
  author       = "Anjos, André Rabello dos",
  title        = {Sistema Online de Filtragem em um Ambiente com Alta Taxa de Eventos},
  school       = "COPPE, Universidade Federal do Rio de Janeiro",
  Type         = {Tese de Doutorado em Engenharia Elétrica},
  address      = "Rio de Janeiro",
  year         = "2006",
}


@article{2003_atlas_dc1,
  author    = {{ATLAS Data Challenge team}},
  title     = {{ATLAS} Data Challenge 1},
  journal   = {CoRR},
  volume    = {cs.DC/0306052},
  year      = {2003},
  url       = {http://arxiv.org/abs/cs.DC/0306052},
      access={21 de abril de 2018},
  timestamp = {Mon, 05 Dec 2011 18:05:22 +0100},
  biburl    = {http://dblp.uni-trier.de/rec/bib/journals/corr/cs-DC-0306052},
  bibsource = {dblp computer science bibliography, http://dblp.org}
}

@book{unfolding_book,
      author        = "Cowan, Glen D",
      title         = "{Statistical data analysis}",
      publisher     = "Oxford Univ. Press",
      address       = "Oxford",
      year          = "1998",
      url           = "https://cds.cern.ch/record/358560",
      access={21 de abril de 2018},
}

@INPROCEEDINGS{lvq,
author={T. Kohonen},
booktitle={1990 IJCNN International Joint Conference on Neural Networks},
title={Improved versions of learning vector quantization},
year={1990},
pages={545-550 vol.1},
keywords={data compression;encoding;learning systems;neural nets;pattern recognition;speech recognition;LVQ2.1;class codebook vectors;classification decision;codebook vectors initialization;discretization error;learning stability;learning vector quantization;nearest-neighbor selection;pattern recognition;piecewise linear decision surfaces;speech recognition;supervised learning;theoretical Bayes decision borders},
doi={10.1109/IJCNN.1990.137622},
month={June},
}

@inproceedings{1993_seixas_roi_null_cells,
      author         = "Seixas, J. M. and Caloba, L. P. and Souza, M. N. and
                        Braga, A. L. and Rodrigues, A. P. and Gottschalk, H.",
      title          = "{A second-level trigger system based on calorimeters and
                        using neural networks for feature extraction and
                        electron/jets discrimination}",
      booktitle      = "{4th International Conference on Calorimetry in
                        High-energy Physics La Biodola, Italy, September 19-25,
                        1993}",
      year           = "1993",
      pages          = "254-258",
      SLACcitation   = "%%CITATION = INSPIRE-367371;%%"
}


%%%%%%%%%%%%%%%%%%%%%%%%%%%%%%%%%%%%%%%%%%%%%%%%%%%%%%%%%%%%%%%
%% Computational Intelligence
%%%%%%%%%%%%%%%%%%%%%%%%%%%%%%%%%%%%%%%%%%%%%%%%%%%%%%%%%%%%%%
@article{dbn,
  author = {Hinton, Geoffrey E. and Osindero, Simon and Teh, Yee-Whye},
  title = {A Fast Learning Algorithm for Deep Belief Nets},
  journal = {Neural Comput.},
  issue_date = {July 2006},
  volume = {18},
  number = {7},
  month = jul,
  year = {2006},
  issn = {0899-7667},
  pages = {1527--1554},
  numpages = {28},
  url = {http://dx.doi.org/10.1162/neco.2006.18.7.1527},
  access={21 de abril de 2018},
  doi = {10.1162/neco.2006.18.7.1527},
  acmid = {1161605},
  publisher = {MIT Press},
  address = {Cambridge, MA, USA},
}

@misc{fastnet,
   title = {Fastnet},
   author = "Torres, Rodrigo Coura",
   publisher={GitHub},
   url = {https://github.com/rctorres/fastnet},
access={21 de abril de 2018},
}

@misc{ringerproject,
   title = {Ringer Project},
   author = "Freund, Werner Spolidoro and Pinto, João Victor da Fonseca",
   publisher={GitHub},
   year={2017},
   url = {https://github.com/joaoVictorPinto/RingerProject},
access={21 de abril de 2018},
}

@inproceedings{rprop,
  Address   = {San Francisco, USA},
  Author    = {Martin Riedmiller and Heinrich Braun},
  Booktitle = {Proceedings of the {IEEE} International Conference on Neural Networks},
  Pages     = {586-591},
  Title     = {A Direct Adaptive Method for Faster Backpropagation Learning: The {RPROP} Algorithm},
  Year      = {1993},
}

@misc{keras,
  title={Keras},
  author={Chollet, Fran\c{c}ois},
  year={2015},
  publisher={GitHub},
  url={https://github.com/fchollet/keras},
  access={21 de abril de 2018},
}

@inproceedings{initnw,
  Address = {San Diego, USA},
  Author = {Derrick Nguyen and Bernard Widrow},
  Booktitle = {Proceeding of the International Joint Conference on Neural Networks},
  Pages = {21-26},
  Title = {Improving the Learning Speed of 2-Layer Neural Networks by Choosing Initial Values of the Adaptive Weights},
  Volume = {3},
  Year = {1990},
}

@inproceedings{1992_denby_nn_tutorial,
      author         = "Denby, Bruce H.",
      title          = "{Tutorial on neural network applications in high-energy
                        physics: A 1992 perspective}",
      booktitle      = "{2nd International Workshop on Software Engineering,
                        Artificial Intelligence and Expert Systems for High-energy
                        and Nuclear Physics (AIHENP 92) La Londe Les Maures,
                        France, January 13-18, 1992}",
      url            = "http://lss.fnal.gov/cgi-bin/find_paper.pl?conf-92-121",
  access={21 de abril de 2018},
      year           = "1992",
      pages          = "287-325",
      reportNumber   = "FERMILAB-CONF-92-121-E, CDF-PUB-CDF-PUBLIC-1737,
                        FNAL-C-92-121-E, C92-01-13.1",
      SLACcitation   = "%%CITATION = FERMILAB-CONF-92-121-E;%%"
}

@INPROCEEDINGS{2001_nn_aplications_hep,
  author={M. Lynch and H. Patel and A. Abrahamse and A. Rupa Rajendran and L. Medsker},
  booktitle={Neural Networks, 2001. Proceedings. IJCNN 01. International Joint Conference on},
  title={Neural network applications in physics},
  year={2001},
  volume={3},
  pages={2054-2058 vol.3},
  doi={10.1109/IJCNN.2001.938482},
  ISSN={1098-7576},
  month={},
}

@article{1997_denby_overview,
  author         = "Denby, Bruce H.",
  title          = "{A bat's ear view of neural nets in physics}",
  booktitle      = "{New computing techniques in physics research V.
                    Proceedings, 5th International Workshop, AIHENP '96,
                    Lausanne, Switzerland, September 2-6, 1996}",
  journal        = "Nucl. Instrum. Meth.",
  volume         = "A389",
  year           = "1997",
  pages          = "8-11",
  doi            = "10.1016/S0168-9002(97)00030-2",
  SLACcitation   = "%%CITATION = NUIMA,A389,8;%%"
}


@book{haykin_2008,
  Author = {Simon Haykin},
  Date-Added = {2009-10-17 14:25:23 -0300},
  Date-Modified = {2009-10-17 14:25:58 -0300},
  Edition = {3},
  Publisher = {Prentice Hall},
  Title = {Neural Networks and Learning Machines},
  Year = {2008},
  address={Upper Saddle River, NJ, USA},
}

@article{scikit-learn,
 title={Scikit-learn: Machine Learning in {P}ython},
 author={Pedregosa, F. and Varoquaux, G. and Gramfort, A. and Michel, V.
         and Thirion, B. and Grisel, O. and Blondel, M. and Prettenhofer, P.
         and Weiss, R. and Dubourg, V. and Vanderplas, J. and Passos, A. and
         Cournapeau, D. and Brucher, M. and Perrot, M. and Duchesnay, E.},
 journal={Journal of Machine Learning Research},
 volume={12},
 pages={2825--2830},
 year={2011}
}

@article{robin2015package,
  title={Package ‘pROC’},
  author={Robin, Xavier and Turck, Natacha and Hainard, Alexandre and Tiberti, Natalia and Lisacek, Fr{\'e}d{\'e}rique and Sanchez, Jean-Charles and M{\"u}ller, Markus and Robin, Maintainer Xavier},
  year={2015}
}

@book{ica_livro_2004,
  title={Independent component analysis},
  author={Hyv{\"a}rinen, Aapo and Karhunen, Juha and Oja, Erkki},
  volume={46},
  year={2004},
  publisher={John Wiley \& Sons},
  address={New Jersey, NJ, USA}
}

@book{Duda,
      author        = "Duda, Richard O and Hart, Peter E and Stork, David G",
      title         = "{Pattern classification}",
      edition       = {2},
      publisher     = "Wiley",
      address       = "New York, NY, USA",
      year          = "2001",
      url           = "https://cds.cern.ch/record/683166",
      access={21 de abril de 2018},
}

@book{2010_parsopoulos_particle,
  title={Particle swarm optimization and intelligence: advances and applications: advances and applications},
  author={Parsopoulos, Konstantinos E},
  edition = "1",
  year={2010},
  publisher={IGI global}
}

@ARTICLE{1999_pnl,
  author={A. Taleb and C. Jutten},
  journal={IEEE Transactions on Signal Processing},
  title={Source separation in post-nonlinear mixtures},
  year={1999},
  volume={47},
  number={10},
  pages={2807-2820},
  doi={10.1109/78.790661},
  ISSN={1053-587X},
  month={Oct},
}

@inproceedings{1996_som_ica_nonlinear,
  title={Nonlinear blind source separation by self-organizing maps},
  author={Pajunen, Petteri and Hyv{\"a}rinen, Aapo and Karhunen, Juha},
  booktitle={In Proc. Int. Conf. on Neural Information Processing},
  year={1996},
  organization={Citeseer}
}

@article{1996_som,
  title={Engineering applications of the self-organizing map},
  author={Kohonen, Teuvo and Oja, Erkki and Simula, Olli and Visa, Ari and Kangas, Jari},
  journal={Proceedings of the IEEE},
  volume={84},
  number={10},
  pages={1358--1384},
  year={1996},
  publisher={IEEE}
}

@book{2008_dorigo_ant,
  title={Ant Colony Optimization and Swarm Intelligence: 6th International Conference, ANTS 2008, Brussels, Belgium, September 22-24, 2008, Proceedings},
  author={Dorigo, Marco and Birattari, Mauro and Blum, Christian and Clerc, Maurice and St{\"u}tzle, Thomas and Winfield, Alan},
  volume={5217},
  year={2008},
  publisher={Springer}
}

@book{2003_evolutionary_computing,
  title={Introduction to Evolutionary Computing},
  author={Eiben, A.E. and Smith, J.E.},
  isbn={9783540401841},
  lccn={2003057316},
  series={Natural Computing Series},
  year={2003},
  publisher={Springer}
}

@book{ross2009fuzzy,
  title={Fuzzy logic with engineering applications},
  author={Ross, Timothy J},
  year={2009},
  publisher={John Wiley \& Sons}
}



%%%%%%%%%%%%%%%%%%%%%%%%%%%%%%%%%%%%%%%%%%%%%%%%%%%%%%%%%%%%%%%
%% Information fusion
%%%%%%%%%%%%%%%%%%%%%%%%%%%%%%%%%%%%%%%%%%%%%%%%%%%%%%%%%%%%%%


@article{hall_1997_introduction,
  title={An introduction to multisensor data fusion},
  author={Hall, David L and Llinas, James},
  journal={Proceedings of the IEEE},
  volume={85},
  number={1},
  pages={6--23},
  year={1997},
  publisher={IEEE}
}

@article{castanedo2013review,
  title={A review of data fusion techniques},
  author={Castanedo, Federico},
  journal={The Scientific World Journal},
  volume={2013},
  year={2013},
  publisher={Hindawi}
}

@TECHREPORT{data_fusion_lexicon,
   author = "Franklin E. {White Jr.}",
   title = "Data Fusion Lexicon",
   type = "{C3}",
	 address = "Data Fusion Sub-Panel, Naval Ocean Systems Center, San Diego, United States",
	 institution = "Joint Directors of Laboratories",
   year = 1987,
}

@unpublished{molina_slides,
title= {Computational Intelligence and Data Fusion},
author = {José M. Molina},
year = {2017},
note= {Apresentado em: \emph{XIII Brazilian Congress on Computational Intelligence}},
url = {http://cbic2017.org/public/pdf/cbic-2017-keynote-molina.pdf},
  access={02 de março de 2018},
}

@inproceedings{steinberg1999revisions,
  title={Revisions to the JDL data fusion model},
  author={Steinberg, Alan N and Bowman, Christopher L and White, Franklin E},
  booktitle={Sensor Fusion: Architectures, Algorithms, and Applications III},
  volume={3719},
  pages={430--442},
  year={1999},
  organization={International Society for Optics and Photonics}
}

@book{hall2010human,
  title={Human-Centered Information Fusion},
  author={Hall, D.L. and Jordan, J.M.},
  isbn={9781596934351},
  lccn={2010455075},
  series={Artech House Electronic Warfare Library},
  year={2010},
  publisher={Artech House}
}

@techreport{kessler1991functional,
  title={Functional Description of the Data Fusion Process},
  institution={Office of Naval Technology Data Fusion Development Strategy},
  author={Kessler, Otto and Askin, K and Beck, N and \MakeLowercase{et~al.}},
  journal={Naval Air Development Center},
  year={1991},
}

@inproceedings{blasch2013revisiting,
  title={Revisiting the JDL model for information Exploitation},
  author={Blasch, Erik and Steinberg, Alan and Das, Subrata and Llinas, James and Chong, Chee and Kessler, Otto and Waltz, Ed and White, Frank},
  booktitle={Information Fusion (FUSION), 2013 16th International Conference on},
  pages={129--136},
  year={2013},
  organization={IEEE}
}

@book{handbook_multisensor_2008,
      author        = "Liggins, Martin E and Hall, David L and Llinas, James",
      title         = "{Handbook of multisensor data fusion: theory and practice}",
      edition       = {2},
      publisher     = "Taylor \& Francis Ltd",
      address       = "Hoboken, NJ",
      series        = "Electrical engineering and applied signal processing
                       series",
      year          = "2008",
}

@article{gomez2012context,
  title={Context-based scene recognition from visual data in smart homes: an information fusion approach},
  author={G{\'o}mez-Romero, Juan and Serrano, Miguel A and Patricio, Miguel A and Garc{\'\i}a, Jes{\'u}s and Molina, Jos{\'e} M},
  journal={Personal and Ubiquitous Computing},
  volume={16},
  number={7},
  pages={835--857},
  year={2012},
  publisher={Springer}
}

@inproceedings{nowak2003ontologies,
  title={On ontologies for high-level information fusion},
  author={Nowak, Chris},
	booktitle={Information Fusion (FUSION), 2003 6th International Conference on},
	pages={657--664},
  year={2003},
	organization={IEEE}
}

@inproceedings{gomez2009context,
  title={Context-based reasoning using ontologies to adapt visual tracking in surveillance},
  author={Gomez-Romero, Juan and Patricio, Miguel A and Garcia, Jes{\'u}s and Molina, Jos{\'e} M},
  booktitle={Advanced Video and Signal Based Surveillance, 2009. AVSS'09. Sixth IEEE International Conference on},
  pages={226--231},
  year={2009},
  organization={IEEE}
}

@inproceedings{blasch2006issues,
  title={Issues and Challenges in Situation Assessment (Level 2) fusion},
  author={Blasch, Erik and Kadar, Ivan and Salerno, John and Kokar, Mieczyslaw M and Das, Subrata and Powell, Gerald M and Corkill, Daniel D and Ruspini, Enrique H},
  booktitle={Signal Processing, Sensor Fusion, and Target Recognition XV},
  volume={6235},
  pages={623510},
  year={2006},
  organization={International Society for Optics and Photonics}
}

@inproceedings{blasch2005dfig,
  title={DFIG level 5 (user refinement) issues supporting situational assessment reasoning},
  author={Blasch, Erik and Plano, Susan},
  booktitle={Information Fusion, 2005 8th International Conference on},
  volume={1},
  pages={xxxv--xliii},
  year={2005},
  organization={IEEE}
}

@book{waltz1998information,
  title={Information warfare principles and operations},
  author={Waltz, Edward L},
  year={1998},
  publisher={Artech House, Inc.},
}

@article{blasch2008resource,
  title={Resource management coordination with level 2/3 fusion issues and challenges [Panel Report]},
  author={Blasch, Erik and Salerno, John and Kadar, Ivan and Hintz, Ken and Biermann, J and Das, Subrata},
  journal={IEEE Aerospace and Electronic Systems Magazine},
  volume={23},
  number={3},
  pages={32--46},
  year={2008},
  publisher={IEEE}
}

@book{blasch2012high,
  title={High-level information fusion management and systems design},
  author={Blasch, Erik and Boss{\'e}, {\'E}lio and Lambert, Dale A},
  year={2012},
  publisher={Artech House}
}

@inproceedings{cou2002multi,
  title={Multi-sensor data fusion using Bayesian programming: An automotive application},
  author={Cou, C and Fraichard, Th and Bessiere, Pierre and Mazer, Emmanuel},
  booktitle={Intelligent Robots and Systems, 2002. IEEE/RSJ International Conference on},
  volume={1},
  pages={141--146},
  year={2002},
  organization={IEEE}
}

@inproceedings{pan1998hybrid,
  title={A hybrid NN-Bayesian architecture for information fusion},
  author={Pan, Hao and Liang, Z-P and Anastasio, Thomas J and Huang, Thomas S},
  booktitle={Image Processing, 1998. ICIP 98. Proceedings. 1998 International Conference on},
  volume={1},
  pages={368--371},
  year={1998},
  organization={IEEE}
}



@article{buede1988shafer,
  title={Shafer-Dempster and Bayesian reasoning: a response to'Shafer-Dempster reasoning with applications to multisensor target identification systems'},
  author={Buede, Dennis M},
  journal={IEEE Transactions on Systems, Man, and Cybernetics},
  volume={18},
  number={6},
  pages={1009--1011},
  year={1988},
  publisher={IEEE}
}

@inproceedings{wu2002sensor,
  title={Sensor fusion using Dempster-Shafer theory [for context-aware HCI]},
  author={Wu, Huadong and Siegel, Mel and Stiefelhagen, Rainer and Yang, Jie},
  booktitle={Instrumentation and Measurement Technology Conference, 2002. IMTC/2002. Proceedings of the 19th IEEE},
  volume={1},
  pages={7--12},
  year={2002},
  organization={IEEE}
}

@article{alam2017data,
  title={Data fusion and IoT for smart ubiquitous environments: A survey},
  author={Alam, Furqan and Mehmood, Rashid and Katib, Iyad and Albogami, Nasser N and Albeshri, Aiiad},
  journal={IEEE Access},
  volume={5},
  pages={9533--9554},
  year={2017},
  publisher={IEEE}
}

@article{cisco_2020_predictions,
  author = {Evans, D},
  year = {2011},
  month = {01},
  pages = {1-11},
  title = {The Internet of Things: How the Next Evolution of the Internet is Changing Everything},
  volume = {1},
  booktitle = {Cisco Internet Business Solutions Group (IBSG)}
}

@article{mehmood2017utilearn,
  title={UTiLearn: A personalised ubiquitous teaching and learning system for smart societies},
  author={Mehmood, Rashid and Alam, Furqan and Albogami, Nasser N and Katib, Iyad and Albeshri, Aiiad and Altowaijri, Saleh M},
  journal={IEEE Access},
  volume={5},
  pages={2615--2635},
  year={2017},
  publisher={IEEE}
}

@book{mitchell2007multi,
  title={Multi-sensor data fusion: an introduction},
  author={Mitchell, Harvey B},
  year={2007},
  publisher={Springer Science \& Business Media}
}


@inproceedings{soares2002enlarging,
  title={Enlarging neural class detection capacity in passive sonar systems},
  author={Soares-Filho, William and Seixas, JM and Caloba, Luiz Pereira},
  booktitle={Circuits and Systems, 2002. ISCAS 2002. IEEE International Symposium on},
  volume={3},
  pages={III--III},
  year={2002},
  organization={IEEE}
}

@inproceedings{Gruber:1993rh,
      author         = "Gruber, A. and Mock, J. and Fent, J. and Frochtenicht, W.
                        and Kiesling, Christian M. and Kobler, T. and Ribarics, P.
                        and Goldner, D. and Kolanoski, H. and Kramerkamper, T.",
      title          = "{Performance of backpropagation networks in the
                        second-level trigger of the H1-experiment}",
      booktitle      = "{3rd International Workshop on Software Engineering,
                        Artificial Intelligence and Expert systems for High-energy
                        and Nuclear Physics (AIHENP 93) Oberammergau, Germany,
                        October 4-8, 1993}",
      year           = "1993",
      pages          = "429-434",
      SLACcitation   = "%%CITATION = INSPIRE-367941;%%"
}

@book{van_trees_part1,
      author        = "Van Trees, Harry L and Bell, Kristine L",
      title         = "{Detection, estimation, and filtering theory}",
			series = {Detection, estimation, and modulation theory},
      publisher     = "Wiley",
      address       = "Hoboken, NJ",
      year          = "2013",
			edition = 2,
}

@book{Jolliffe:1608729,
      author        = "Jolliffe, I T",
      title         = "{Principal component analysis; 2nd ed.}",
      publisher     = "Springer",
      address       = "New York",
      series        = "Springer Series in Statistics",
      year          = "2002",
}



@book{2013_data_mining_sensor_book,
   title =     {Managing and Mining Sensor Data},
   author =    {Charu C. Aggarwal (auth.), Charu C. Aggarwal (eds.)},
   publisher = {Springer US},
   isbn =      {978-1-4614-6308-5,978-1-4614-6309-2},
   year =      {2013},
   series =    {},
   edition =   {1},
   volume =    {},
   url =       {http://gen.lib.rus.ec/book/index.php?md5=f314d6ae051a275ff8ff44cfb2080625},
  access={21 de abril de 2018},
}

@inproceedings{challa2002distributed,
  title={Distributed data fusion using support vector machines},
  author={Challa, S and Palaniswami, M and Shilton, A},
  booktitle={Information Fusion, 2002. Proceedings of the Fifth International Conference on},
  volume={2},
  pages={881--885},
  year={2002},
  organization={IEEE}
}

@article{2014_som_fusion,
author = {Behnaz Bigdeli and Farhad Samadzadegan and Peter Reinartz},
title = {A decision fusion method based on multiple support vector machine system for fusion of hyperspectral and LIDAR data},
journal = {International Journal of Image and Data Fusion},
volume = {5},
number = {3},
pages = {196-209},
year  = {2014},
publisher = {Taylor & Francis},
doi = {10.1080/19479832.2014.919964},
URL = {https://doi.org/10.1080/19479832.2014.919964},
eprint = {https://doi.org/10.1080/19479832.2014.919964},
access={03 de março de 2018},
}

@inproceedings{merentitis2014automatic,
  title={Automatic fusion and classification of hyperspectral and LiDAR data using random forests},
  author={Merentitis, Andreas and Debes, Christian and Heremans, Roel and Frangiadakis, Nikolaos},
  booktitle={Geoscience and Remote Sensing Symposium (IGARSS), 2014 IEEE International},
  pages={1245--1248},
  year={2014},
  organization={IEEE}
}

@article{breiman2001random,
  title={Random forests},
  author={Breiman, Leo},
  journal={Machine learning},
  volume={45},
  number={1},
  pages={5--32},
  year={2001},
  publisher={Springer}
}

@book{scholkopf2001learning,
  title={Learning with kernels: support vector machines, regularization, optimization, and beyond},
  author={Scholkopf, Bernhard and Smola, Alexander J},
  year={2001},
  publisher={MIT press}
}

@inproceedings{starzacher2008evaluating,
  title={Evaluating KNN, LDA and QDA Classification for embedded online Feature Fusion},
  author={Starzacher, Andreas and Rinner, Bernhard},
  booktitle={Intelligent Sensors, Sensor Networks and Information Processing, 2008. ISSNIP 2008. International Conference on},
  pages={85--90},
  year={2008},
  organization={IEEE}
}

@inproceedings{chen2010practical,
  title={Practical travel time prediction algorithms based on neural network and data fusion for urban expressway},
  author={Chen, Dewang and Zhang, Kun and Liao, Tao},
  booktitle={Natural Computation (ICNC), 2010 Sixth International Conference on},
  volume={4},
  pages={1754--1758},
  year={2010},
  organization={IEEE}
}

@inproceedings{altini2010bluetooth,
  title={Bluetooth indoor localization with multiple neural networks},
  author={Altini, Marco and Brunelli, Davide and Farella, Elisabetta and Benini, Luca},
  booktitle={Wireless Pervasive Computing (ISWPC), 2010 5th IEEE International Symposium on},
  pages={295--300},
  year={2010},
  organization={IEEE}
}

@article{azad2014long,
  title={Long-term wind speed forecasting and general pattern recognition using neural networks},
  author={Azad, Hanieh Borhan and Mekhilef, Saad and Ganapathy, Vellapa Gounder},
  journal={IEEE Transactions on Sustainable Energy},
  volume={5},
  number={2},
  pages={546--553},
  year={2014},
  publisher={IEEE}
}

@inproceedings{wu2009study,
  title={A study on wind speed prediction using artificial neural network at Jeju Island in Korea},
  author={Wu, Liang and Park, Jeongje and Choi, Jaeseok and Cha, Junmin and Lee, Kwang Y},
  booktitle={Transmission \& Distribution Conference \& Exposition: Asia and Pacific, 2009},
  pages={1--4},
  year={2009},
  organization={IEEE}
}

@inproceedings{zhang2011study,
  title={A study on wind speed prediction using artificial neural network at Jeju Island in Korea II},
  author={Zhang, Fengming and Cho, Kyeonghee and Choi, Jaeseok and Lee, Young-Mi and Lee, Kwang Y},
  booktitle={Circuits and Systems (MWSCAS), 2011 IEEE 54th International Midwest Symposium on},
  pages={1--4},
  year={2011},
  organization={IEEE}
}

@article{fonte2005wind,
  title={Wind speed prediction using artificial neural networks.},
  author={Fonte, Pedro M and Silva, Gon{\c{c}}alo Xufre and Quadrado, JC},
  journal={WSEAS Transactions on Systems},
  volume={4},
  number={4},
  pages={379--384},
  year={2005}
}

@inproceedings{liu2012wind,
  title={Wind power plant prediction by using neural networks},
  author={Liu, Ziqiao and Gao, Wenzhong and Wan, Yih-Huei and Muljadi, Eduard},
  booktitle={Energy Conversion Congress and Exposition (ECCE), 2012 IEEE},
  pages={3154--3160},
  year={2012},
  organization={IEEE}
}

@article{lecun1998gradient,
  title={Gradient-based learning applied to document recognition},
  author={LeCun, Yann and Bottou, L{\'e}on and Bengio, Yoshua and Haffner, Patrick},
  journal={Proceedings of the IEEE},
  volume={86},
  number={11},
  pages={2278--2324},
  year={1998},
  publisher={IEEE}
}

@incollection{chumerin2008cue,
  title={Cue and sensor fusion for independent moving objects detection and description in driving scenes},
  author={Chumerin, Nikolay and Van Hulle, Marc M},
  booktitle={Signal Processing Techniques for Knowledge Extraction and Information Fusion},
  pages={161--180},
  year={2008},
  publisher={Springer}
}

@misc{gartner_2015,
  author={{Gartner, Inc.}},
  title={Top 10 Strategic Technology Trends - 2016},
  url={http://www.gartner.com/smarterwithgartner/top-ten-technology-trends-signal-the-digital-mesh/},
  access={03 de março de 2018},
}

@inproceedings{Ngiam:2011:MDL:3104482.3104569,
 author = {Ngiam, Jiquan and Khosla, Aditya and Kim, Mingyu and Nam, Juhan and Lee, Honglak and Ng, Andrew Y.},
 title = {Multimodal Deep Learning},
 booktitle = {Proceedings of the 28th International Conference on International Conference on Machine Learning},
 series = {ICML'11},
 year = {2011},
 isbn = {978-1-4503-0619-5},
 location = {Bellevue, Washington, USA},
 pages = {689--696},
 numpages = {8},
 url = {http://dl.acm.org/citation.cfm?id=3104482.3104569},
  access={21 de abril de 2018},
 acmid = {3104569},
 publisher = {Omnipress},
 address = {USA},
}

@inproceedings{Martinez:2014:DMF:2663204.2663236,
 author = {Mart\'{\i}nez, H{\'e}ctor P. and Yannakakis, Georgios N.},
 title = {Deep Multimodal Fusion: Combining Discrete Events and Continuous Signals},
 booktitle = {Proceedings of the 16th International Conference on Multimodal Interaction},
 series = {ICMI '14},
 year = {2014},
 isbn = {978-1-4503-2885-2},
 location = {Istanbul, Turkey},
 pages = {34--41},
 numpages = {8},
 url = {http://doi.acm.org/10.1145/2663204.2663236},
  access={21 de abril de 2018},
 doi = {10.1145/2663204.2663236},
 acmid = {2663236},
 publisher = {ACM},
 address = {New York, NY, USA},
 keywords = {auto-encoders, behaviour, convolutional neural networks, deep learning, multimodal fusion, physiology, pooling method, sequence classification, sequence fusion},
}

@article{DBLP:journals/corr/AudebertSL16a,
  author    = {Nicolas Audebert and
               Bertrand Le Saux and
               S{\'{e}}bastien Lef{\`{e}}vre},
  title     = {Semantic Segmentation of Earth Observation Data Using Multimodal and
               Multi-scale Deep Networks},
  journal   = {CoRR},
  volume    = {abs/1609.06846},
  year      = {2016},
  url       = {http://arxiv.org/abs/1609.06846},
  access={21 de abril de 2018},
  archivePrefix = {arXiv},
  eprint    = {1609.06846},
  timestamp = {Wed, 07 Jun 2017 14:42:59 +0200},
  biburl    = {https://dblp.org/rec/bib/journals/corr/AudebertSL16a},
  bibsource = {dblp computer science bibliography, https://dblp.org}
}

@article{DBLP:journals/corr/BadrinarayananK15,
  author    = {Vijay Badrinarayanan and
               Alex Kendall and
               Roberto Cipolla},
  title     = {SegNet: {A} Deep Convolutional Encoder-Decoder Architecture for Image
               Segmentation},
  journal   = {CoRR},
  volume    = {abs/1511.00561},
  year      = {2015},
  url       = {http://arxiv.org/abs/1511.00561},
  access={21 de abril de 2018},
  archivePrefix = {arXiv},
  eprint    = {1511.00561},
  timestamp = {Wed, 07 Jun 2017 14:40:10 +0200},
  biburl    = {https://dblp.org/rec/bib/journals/corr/BadrinarayananK15},
  bibsource = {dblp computer science bibliography, https://dblp.org}
}

@inproceedings{zhang2016deep,
  title={A deep learning-based multi-sensor data fusion method for degradation monitoring of ball screws},
  author={Zhang, Li and Gao, Hongli},
  booktitle={Prognostics and System Health Management Conference (PHM-Chengdu), 2016},
  pages={1--6},
  year={2016},
  organization={IEEE}
}

@projetofinal{projeto_final_wsfreund,
   author = "Freund, W. S.",
   title = {Algoritmo neural para detecção de partículas em um calorímetro de altas energias},
   school = "Poli/UFRJ",
   type="Trabalho de Conclusão de Curso de Graduação em Engenharia Elétrica",
   address = "Rio de Janeiro, RJ, Brasil",
   year = 2011,
}
@projetofinal{projeto_final_jodafons,
   author = "J. V. F. Pinto",
   title = {Sistema neural para filtragem online em um detector finamente segmentado},
   school = "Poli/UFRJ",
   type="Trabalho de Conclusão de Curso de Graduação em Engenharia Elétrica",
   address = "Rio de Janeiro, RJ, Brasil",
   year = 2016,
}

@book{kendalls_vol1,
      author    = "Stuart, Alan and Ord, J. Keith",
      title     = "{Distribution Theory}",
      publisher = {John Wiley \& Sons},
      address   = "605 Third Avenue, New York, NY, 10158",
      series    = "Kendall's Advanced Theory of Statistics",
      volume    = "1",
      year      = "1994",
      issn      = "0 340 61430 7",
      pages     = "704",
      edition   = "6",
      editor    = "Green, P J and Little, R J and Ord, J K and Scott, A J and Weisberg, S",
}


@book{guide_to_chisquared,
      author        = "Greenwood, Priscilla E and Nikulin, Mikhail S",
      title         = "{A guide to chi-squared testing}",
      publisher     = "Wiley",
      series        = "Wiley Series in Probability and Statistics",
      address       = "New York, NY",
      year          = "1996",
      editor        = "Barnett, Vic and Bradley, Ralph A. and Fisher, Nicholas I. and Hunter, J. Stuart and Kadane, J. B. and Kendall, David G. and Scott, David W. and Smith, Adrain F. M. and Teugels, Jozef L. and Watson, Geoffrey S.",
}

@article{anderson1952asymptotic,
  title={Asymptotic theory of certain" goodness of fit" criteria based on stochastic processes},
  author={Anderson, Theodore W and Darling, Donald A},
  journal={The annals of mathematical statistics},
  pages={193--212},
  year={1952},
  publisher={JSTOR}
}

@article{Porter:2008mc,
      author         = "Porter, Frank C.",
      title          = "{Testing Consistency of Two Histograms}",
      year           = "2008",
      eprint         = "0804.0380",
      archivePrefix  = "arXiv",
      primaryClass   = "physics.data-an",
      SLACcitation   = "%%CITATION = ARXIV:0804.0380;%%"
}

@ARTICLE{homogeneity_test,
   author = {{Gagunashvili}, N.~D.},
    title = "{Comparison of weighted and unweighted histograms}",
  journal = {ArXiv Physics e-prints},
 keywords = {Physics - Data Analysis, Statistics and Probability, Mathematics - Statistics Theory},
     year = 2006,
    month = may,
    note  = "arXiv:physics/0605123",
}


@article{Lopes:1116570,
      author        = "Lopes, R",
      title         = "{A two-dimensional Kolmogorov-Smirnov test. The
                       two-dimensional Kolmogorov-Smirnov test}",
      journal       = "PoS",
      volume        = "ACAT",
      pages         = "045",
      year          = "2007",
      url           = "http://cds.cern.ch/record/1116570",
  access={21 de abril de 2018},
}

@article{pearson1914probability,
  title={On the probability that two independent distributions of frequency are really samples of the same population, with special reference to recent work on the identity of Trypanosome strains},
  author={Pearson, Karl},
  journal={Biometrika},
  volume={10},
  number={1},
  pages={85--143},
  year={1914},
  publisher={JSTOR}
}

@article{pearson1911probability,
  title={On the probability that two independent distributions of frequency are really samples from the same population},
  author={Pearson, Karl},
  journal={Biometrika},
  volume={8},
  number={1/2},
  pages={250--254},
  year={1911},
  publisher={JSTOR}
}

@book{cramer2016mathematical,
  title={Mathematical methods of statistics (PMS-9)},
  author={Cram{\'e}r, Harald},
  volume={9},
  year={2016},
  publisher={Princeton university press}
}

@article{rao1965discrete,
  title={On discrete distributions arising out of methods of ascertainment},
  author={Rao, C Radhakrishna},
  journal={Sankhy{\=a}: The Indian Journal of Statistics, Series A},
  pages={311--324},
  year={1965},
  publisher={JSTOR}
}

@article{Gross:2010qma,
      author         = "Gross, Eilam and Vitells, Ofer",
      title          = "{Trial factors for the look elsewhere effect in high
                        energy physics}",
      journal        = "Eur. Phys. J.",
      volume         = "C70",
      year           = "2010",
      pages          = "525-530",
      doi            = "10.1140/epjc/s10052-010-1470-8",
      eprint         = "1005.1891",
      archivePrefix  = "arXiv",
      primaryClass   = "physics.data-an",
      SLACcitation   = "%%CITATION = ARXIV:1005.1891;%%"
}

@ARTICLE{2010NIMPA.614..287G,
   author = {{Gagunashvili}, N.~D.},
    title = "{Chi-square tests for comparing weighted histograms}",
  journal = {Nuclear Instruments and Methods in Physics Research A},
archivePrefix = "arXiv",
   eprint = {0905.4221},
 primaryClass = "physics.data-an",
     year = 2010,
    month = mar,
   volume = 614,
    pages = {287-296},
      doi = {10.1016/j.nima.2009.12.037},
   adsurl = {http://adsabs.harvard.edu/abs/2010NIMPA.614..287G},
  access={21 de abril de 2018},
  adsnote = {Provided by the SAO/NASA Astrophysics Data System}
}


@inproceedings{lamblin2010important,
  title={Important gains from supervised fine-tuning of deep architectures on large labeled sets},
  author={Lamblin, Pascal and Bengio, Yoshua},
  booktitle={NIPS* 2010 Deep Learning and Unsupervised Feature Learning Workshop},
  year={2010}
}

@article{hinton2006reducing,
  title={Reducing the dimensionality of data with neural networks},
  author={Hinton, Geoffrey E and Salakhutdinov, Ruslan R},
  journal={science},
  volume={313},
  number={5786},
  pages={504--507},
  year={2006},
  publisher={American Association for the Advancement of Science}
}

@inproceedings{baldi2012autoencoders,
  title={Autoencoders, unsupervised learning, and deep architectures},
  author={Baldi, Pierre},
  booktitle={Proceedings of ICML Workshop on Unsupervised and Transfer Learning},
  pages={37--49},
  year={2012}
}

@article{erhan2010does,
  title={Why does unsupervised pre-training help deep learning?},
  author={Erhan, Dumitru and Bengio, Yoshua and Courville, Aaron and Manzagol, Pierre-Antoine and Vincent, Pascal and Bengio, Samy},
  journal={Journal of Machine Learning Research},
  volume={11},
  number={Feb},
  pages={625--660},
  year={2010}
}

@inproceedings{bengio2007greedy,
  title={Greedy layer-wise training of deep networks},
  author={Bengio, Yoshua and Lamblin, Pascal and Popovici, Dan and Larochelle, Hugo},
  booktitle={Advances in neural information processing systems},
  pages={153--160},
  year={2007}
}

@article{kingma2014adam,
  title={Adam: A method for stochastic optimization},
  author={Kingma, Diederik P and Ba, Jimmy},
  journal={arXiv preprint arXiv:1412.6980},
  year={2014}
}

@article{joe1989relative,
  title={Relative entropy measures of multivariate dependence},
  author={Joe, Harry},
  journal={Journal of the American Statistical Association},
  volume={84},
  number={405},
  pages={157--164},
  year={1989},
  publisher={Taylor \& Francis}
}


%%%%%%%%%%%%%%%%%%%%%%%%%%%%%%%%%%%%%%
% Physics with ML
%%%%%%%%%%%%%%%%%%%%%%%%%%%%%%%%%%%%%%
@article{PhysRevD.93.032011,
  title = {Measurement of the single top quark production cross section and $|{V}_{tb}|$ in 1.96 TeV $p\overline{p}$ collisions with missing transverse energy and jets and final CDF combination},
  author = {{CDF Collaboration}},
  collaboration = {CDF Collaboration},
  journal = {Phys. Rev. D},
  volume = {93},
  issue = {3},
  pages = {032011},
  numpages = {9},
  year = {2016},
  month = {Feb},
  publisher = {American Physical Society},
  doi = {10.1103/PhysRevD.93.032011},
  url = {http://link.aps.org/doi/10.1103/PhysRevD.93.032011},
      access={21 de abril de 2018},
}


@article{Aaltonen:2013ioi,
      author         = "Aaltonen, Timo Antero and \MakeLowercase{et~al.}",
      title          = "{Search for the production of ZW and ZZ boson pairs
                        decaying into charged leptons and jets in $p \bar{p}$
                        collisions at $\sqrt{s}$=1.96 TeV}",
      collaboration  = "CDF",
      journal        = "Phys. Rev.",
      volume         = "D88",
      year           = "2013",
      number         = "9",
      pages          = "092002",
      doi            = "10.1103/PhysRevD.88.092002",
      eprint         = "1310.0086",
      archivePrefix  = "arXiv",
      primaryClass   = "hep-ex",
      reportNumber   = "FERMILAB-PUB-13-437-E",
      SLACcitation   = "%%CITATION = ARXIV:1310.0086;%%"
}

@article{Aaltonen201224,
title = "Measurement of the top quark mass in the all-hadronic mode at CDF",
journal = "Physics Letters B ",
author = {{CDF Collaboration}},
volume = "714",
number = "1",
pages = "24 - 31",
year = "2012",
issn = "0370-2693",
doi = "http://dx.doi.org/10.1016/j.physletb.2012.06.007",
url = "http://www.sciencedirect.com/science/article/pii/S0370269312006338",
      access={21 de abril de 2018},
}

@article{Aaltonen:2012tf,
      author         = {{CDF Collaboration}},
      title          = "{Search for the standard model Higgs boson produced in
                        association with a $W^{\pm}$ boson with 7.5 fb$^{-1}$
                        integrated luminosity at CDF}",
      collaboration  = "CDF",
      journal        = "Phys. Rev.",
      volume         = "D86",
      year           = "2012",
      pages          = "032011",
      doi            = "10.1103/PhysRevD.86.032011",
      eprint         = "1206.5063",
      archivePrefix  = "arXiv",
      primaryClass   = "hep-ex",
      reportNumber   = "FERMILAB-PUB-12-299-E",
      SLACcitation   = "%%CITATION = ARXIV:1206.5063;%%"
}


@article{Freeman:2012uf,
      author         = "Freeman, J. and Junk, T. and Kirby, M. and Oksuzian, Y.
                        and Phillips, T. J. and Snider, F. D. and Trovato, M. and
                        Vizan, J. and Yao, W. M.",
      title          = "{Introduction to HOBIT, a b-Jet Identification Tagger at
                        the CDF Experiment Optimized for Light Higgs Boson
                        Searches}",
      journal        = "Nucl. Instrum. Meth.",
      volume         = "A697",
      year           = "2013",
      pages          = "64-76",
      doi            = "10.1016/j.nima.2012.09.021",
      eprint         = "1205.1812",
      archivePrefix  = "arXiv",
      primaryClass   = "hep-ex",
      reportNumber   = "FERMILAB-PUB-12-118-PPD",
      SLACcitation   = "%%CITATION = ARXIV:1205.1812;%%"
}

@article{Aaltonen:2011tm,
      author         = {{CDF Collaboration}},
      title          = "{Measurement of the $t\bar{t}$ production cross section
                        in $p\bar p$ collisions at $\sqrt{s}=1.96$~TeV using
                        events with large Missing $E_T$ and jets}",
      collaboration  = "CDF",
      journal        = "Phys. Rev.",
      volume         = "D84",
      year           = "2011",
      pages          = "032003",
      doi            = "10.1103/PhysRevD.84.032003",
      eprint         = "1105.1806",
      archivePrefix  = "arXiv",
      primaryClass   = "hep-ex",
      reportNumber   = "FERMILAB-PUB-11-210-E-PPD",
      SLACcitation   = "%%CITATION = ARXIV:1105.1806;%%"
}

@article{CDF:2011ae,
      author         = {{CDF Collaboration}},
      title          = "{Search for Standard Model Higgs Boson Production in
                        Association with a $W$ Boson at CDF}",
      collaboration  = "CDF",
      journal        = "Phys. Rev.",
      volume         = "D85",
      year           = "2012",
      pages          = "052002",
      doi            = "10.1103/PhysRevD.85.052002",
      eprint         = "1112.1930",
      archivePrefix  = "arXiv",
      primaryClass   = "hep-ex",
      reportNumber   = "FERMILAB-PUB-12-046-E",
      SLACcitation   = "%%CITATION = ARXIV:1112.1930;%%"
}

@article{Freeman:2011vb,
      author         = "Freeman, J. and Lewis, J. D. and Ketchum, W. and
                        Poprocki, S. and Pronko, A. and Rusu, V. and Wittich, P.",
      title          = "{An Artificial neural network based $b$ jet
                        identification algorithm at the CDF Experiment}",
      journal        = "Nucl. Instrum. Meth.",
      volume         = "A663",
      year           = "2012",
      pages          = "37-47",
      doi            = "10.1016/j.nima.2011.10.024",
      eprint         = "1108.4738",
      archivePrefix  = "arXiv",
      primaryClass   = "hep-ex",
      reportNumber   = "FERMILAB-TM-2515-E-PPD, CDF-PUB-SEC-VTX-PUBLIC-10631",
      SLACcitation   = "%%CITATION = ARXIV:1108.4738;%%"
}

@article{Aaltonen:2010fs,
      author         = {{CDF Collaboration}},
      title          = "{Search for single top quark production in $\bar{p}p$
                        collisions at $\sqrt{s}=1.96$ TeV in the missing
                        transverse energy plus jets topology}",
      collaboration  = "CDF",
      journal        = "Phys. Rev.",
      volume         = "D81",
      year           = "2010",
      pages          = "072003",
      doi            = "10.1103/PhysRevD.81.072003",
      eprint         = "1001.4577",
      archivePrefix  = "arXiv",
      primaryClass   = "hep-ex",
      reportNumber   = "FERMILAB-PUB-10-018-E",
      SLACcitation   = "%%CITATION = ARXIV:1001.4577;%%"
}

@article{Aaltonen:2010jr,
      author         = {{CDF Collaboration}},
      title          = "{Observation of Single Top Quark Production and
                        Measurement of |Vtb| with CDF}",
      collaboration  = "CDF",
      journal        = "Phys. Rev.",
      volume         = "D82",
      year           = "2010",
      pages          = "112005",
      doi            = "10.1103/PhysRevD.82.112005",
      eprint         = "1004.1181",
      archivePrefix  = "arXiv",
      primaryClass   = "hep-ex",
      reportNumber   = "FERMILAB-PUB-10-063-E",
      SLACcitation   = "%%CITATION = ARXIV:1004.1181;%%"
}

@article{Aaltonen:2009jg,
      author         = {{CDF Collaboration}},
      title          = "{A Search for the Higgs Boson Using Neural Networks in
                        Events with Missing Energy and b-quark Jets in p anti-p
                        Collisions at s**(1/2) = 1.96-TeV}",
      collaboration  = "CDF",
      journal        = "Phys. Rev. Lett.",
      volume         = "104",
      year           = "2010",
      pages          = "141801",
      doi            = "10.1103/PhysRevLett.104.141801",
      eprint         = "0911.3935",
      archivePrefix  = "arXiv",
      primaryClass   = "hep-ex",
      reportNumber   = "FERMILAB-PUB-09-586-E",
      SLACcitation   = "%%CITATION = ARXIV:0911.3935;%%"
}

@article{Norniella:2010as,
      author         = {{CDF Collaboration}},
      title          = "{New Suppressed Decays of $B_s^0$ Mesons at {CDF}}",
      booktitle      = "{Proceedings, 35th International Conference on High
                        energy physics (ICHEP 2010): Paris, France, July 22-28,
                        2010}",
      collaboration  = "CDF",
      journal        = "PoS",
      volume         = "ICHEP2010",
      year           = "2010",
      pages          = "211",
      eprint         = "1011.3531",
      archivePrefix  = "arXiv",
      primaryClass   = "hep-ex",
      reportNumber   = "FERMILAB-CONF-10-463-PPD",
      SLACcitation   = "%%CITATION = ARXIV:1011.3531;%%"
}

@article{Aaltonen:2009hv,
      author         = {{CDF Collaboration}},
      title          = "{Search for WW and WZ Production in Lepton Plus Jets
                        Final State at CDF}",
      collaboration  = "CDF",
      journal        = "Phys. Rev.",
      volume         = "D79",
      year           = "2009",
      pages          = "112011",
      doi            = "10.1103/PhysRevD.79.112011",
      eprint         = "0903.0814",
      archivePrefix  = "arXiv",
      primaryClass   = "hep-ex",
      reportNumber   = "FERMILAB-PUB-09-054-E",
      SLACcitation   = "%%CITATION = ARXIV:0903.0814;%%"
}

@article{Abulencia:2008su,
      author         = {{CDF Collaboration}},
      title          = "{Measurement of the fraction of $t \bar{t}$ production
                        via gluon-gluon fusion in $p \bar{p}$ collisions at
                        $\sqrt{s}$ = 1.96-TeV}",
      collaboration  = "CDF",
      journal        = "Phys. Rev.",
      volume         = "D79",
      year           = "2009",
      pages          = "031101",
      doi            = "10.1103/PhysRevD.79.031101",
      eprint         = "0807.4262",
      archivePrefix  = "arXiv",
      primaryClass   = "hep-ex",
      reportNumber   = "FERMILAB-PUB-08-258-E",
      SLACcitation   = "%%CITATION = ARXIV:0807.4262;%%"
}

@article{Aaltonen:2008qr,
      author         = {{CDF Collaboration}},
      title          = "{Search for top-quark production via flavor-changing
                        neutral currents in W+1 jet events at CDF}",
      collaboration  = "CDF",
      journal        = "Phys. Rev. Lett.",
      volume         = "102",
      year           = "2009",
      pages          = "151801",
      doi            = "10.1103/PhysRevLett.102.151801",
      eprint         = "0812.3400",
      archivePrefix  = "arXiv",
      primaryClass   = "hep-ex",
      reportNumber   = "FERMILAB-PUB-09-011-E",
      SLACcitation   = "%%CITATION = ARXIV:0812.3400;%%"
}

@article{Aaltonen:2008mx,
      author         = {{CDF Collaboration}},
      title          = "{Top Quark Mass Measurement in the Lepton plus Jets
                        Channel Using a Modified Matrix Element Method}",
      collaboration  = "CDF",
      journal        = "Phys. Rev.",
      volume         = "D79",
      year           = "2009",
      pages          = "072001",
      doi            = "10.1103/PhysRevD.79.072001",
      eprint         = "0812.4469",
      archivePrefix  = "arXiv",
      primaryClass   = "hep-ex",
      reportNumber   = "FERMILAB-PUB-08-574-E",
      SLACcitation   = "%%CITATION = ARXIV:0812.4469;%%"
}

@article{Aaltonen:2008bd,
      author         = {{CDF Collaboration}},
      title          = "{Measurement of the top quark mass with dilepton events
                        selected using neuroevolution at CDF}",
      collaboration  = "CDF",
      journal        = "Phys. Rev. Lett.",
      volume         = "102",
      year           = "2009",
      pages          = "152001",
      doi            = "10.1103/PhysRevLett.102.152001",
      eprint         = "0807.4652",
      archivePrefix  = "arXiv",
      primaryClass   = "hep-ex",
      reportNumber   = "FERMILAB-PUB-08-369-E",
      SLACcitation   = "%%CITATION = ARXIV:0807.4652;%%"
}

@article{Aaltonen:2009pj,
      author         = {{CDF Collaboration}},
      title          = "{Search for Standard Model Higgs Boson Production in
                        Association with a W Boson using a Neural Network
                        Discriminant at CDF}",
      collaboration  = "CDF",
      journal        = "Phys. Rev.",
      volume         = "D80",
      year           = "2009",
      pages          = "012002",
      doi            = "10.1103/PhysRevD.80.012002",
      eprint         = "0905.3155",
      archivePrefix  = "arXiv",
      primaryClass   = "hep-ex",
      reportNumber   = "FERMILAB-PUB-09-248-E",
      SLACcitation   = "%%CITATION = ARXIV:0905.3155;%%"
}

@article{Aaltonen:2008wj,
      author         = {{CDF Collaboration}},
      title          = "{Search for the Higgs boson produced with $Z \to
                        \ell^+\ell^-$ in $p\bar{p}$ collisions at $\sqrt{s}=$ 1.96
                        TeV}",
      collaboration  = "CDF",
      journal        = "Phys. Rev. Lett.",
      volume         = "101",
      year           = "2008",
      pages          = "251803",
      doi            = "10.1103/PhysRevLett.101.251803",
      eprint         = "0807.4493",
      archivePrefix  = "arXiv",
      primaryClass   = "hep-ex",
      reportNumber   = "FERMILAB-PUB-08-250-E",
      SLACcitation   = "%%CITATION = ARXIV:0807.4493;%%"
}

@inproceedings{Masubuchi:2008tu,
      author         = {{CDF Collaboration}},
      title          = "{Search for SM Higgs in the $W H \to \ell \nu b \bar{b}$
                        Channel using $~2fb^{-1}$}",
      booktitle      = "{Proceedings, 43rd Rencontres de Moriond on Electroweak
                        Interactions and Unified Theories: La Thuile, Italy, March
                        1-8, 2008}",
      collaboration  = "CDF",
      url            = "https://inspirehep.net/record/786158/files/arXiv:0805.2803.pdf",
      access={21 de abril de 2018},
      year           = "2008",
      eprint         = "0805.2803",
      archivePrefix  = "arXiv",
      primaryClass   = "hep-ex",
      SLACcitation   = "%%CITATION = ARXIV:0805.2803;%%"
}

@article{Aaltonen:2008ad,
      author         = {{CDF Collaboration}},
      title          = "{Search for Hadronic Decays of $W$ and $Z$ Bosons in
                        Photon Events in $p \bar{p}$ Collisions at $\sqrt{s}$ =
                        1.96-GeV}",
      collaboration  = "CDF",
      journal        = "Phys. Rev.",
      volume         = "D80",
      year           = "2009",
      pages          = "052011",
      doi            = "10.1103/PhysRevD.80.052011",
      eprint         = "0803.4264",
      archivePrefix  = "arXiv",
      primaryClass   = "hep-ex",
      reportNumber   = "FERMILAB-PUB-08-071-E",
      SLACcitation   = "%%CITATION = ARXIV:0803.4264;%%"
}

@inproceedings{Lujan:2008vp,
      author         = {{CDF Collaboration}},
      title          = "{Top Quark Mass Measurement Using a Matrix Element Method
                        with Quasi-Monte Carlo Integration}",
      booktitle      = "{Proceedings, 34th International Conference on High
                        Energy Physics (ICHEP 2008): Philadelphia, Pennsylvania,
                        July 30-August 5, 2008}",
      collaboration  = "CDF",
      url            = "http://lss.fnal.gov/cgi-bin/find_paper.pl?conf-08-468",
      access={21 de abril de 2018},
      year           = "2008",
      eprint         = "0810.3739",
      archivePrefix  = "arXiv",
      primaryClass   = "hep-ex",
      reportNumber   = "FERMILAB-CONF-08-468-E",
      SLACcitation   = "%%CITATION = ARXIV:0810.3739;%%"
}

@article{Aaltonen:2008sy,
      author         = {{CDF Collaboration}},
      title          = "{Measurement of the Single Top Quark Production Cross
                        Section at CDF}",
      collaboration  = "CDF",
      journal        = "Phys. Rev. Lett.",
      volume         = "101",
      year           = "2008",
      pages          = "252001",
      doi            = "10.1103/PhysRevLett.101.252001",
      eprint         = "0809.2581",
      archivePrefix  = "arXiv",
      primaryClass   = "hep-ex",
      reportNumber   = "FERMILAB-PUB-08-356-E",
      SLACcitation   = "%%CITATION = ARXIV:0809.2581;%%"
}

@inproceedings{Nagai:2008xq,
      author         = {{CDF Collaboration}},
      title          = "{Search for Technicolor Particles Produced in Association
                        with $W$ Boson at CDF}",
      booktitle      = "{Hadron collider physics. Proceedings, 19th Symposium,
                        HCP2008, Galena, USA, May 27-31, 2008}",
      url            = "http://lss.fnal.gov/cgi-bin/find_paper.pl?conf-08-278",
      access={21 de abril de 2018},
      year           = "2008",
      eprint         = "0808.0226",
      archivePrefix  = "arXiv",
      primaryClass   = "hep-ex",
      reportNumber   = "FERMILAB-CONF-08-278-E",
      SLACcitation   = "%%CITATION = ARXIV:0808.0226;%%"
}



@article{Aaltonen:2007as,
      author         = {{CDF Collaboration}},
      title          = "{Measurement of the $p \bar{p} \to t \bar{t}$ production
                        cross- section and the top quark mass at $\sqrt{s}$ =
                        1.96-TeV in the all-hadronic decay mode}",
      collaboration  = "CDF",
      journal        = "Phys. Rev.",
      volume         = "D76",
      year           = "2007",
      pages          = "072009",
      doi            = "10.1103/PhysRevD.76.072009",
      eprint         = "0706.3790",
      archivePrefix  = "arXiv",
      primaryClass   = "hep-ex",
      reportNumber   = "FERMILAB-PUB-07-316-E",
      SLACcitation   = "%%CITATION = ARXIV:0706.3790;%%"
}

@inproceedings{Stelzer:2007zf,
      author         = {{CDF Collaboration}},
      title          = "{Single Top Results from CDF}",
      booktitle      = "{Electroweak Interactions and Unifield Theories:
                        Proceedings, 42nd Rencontres de Moriond, La Thuile, Italy,
                        March 10-17, 2007}",
      collaboration  = "CDF",
      url            = "https://inspirehep.net/record/752175/files/arXiv:0706.0282.pdf",
      access={21 de abril de 2018},
      year           = "2007",
      pages          = "117-122",
      eprint         = "0706.0282",
      archivePrefix  = "arXiv",
      primaryClass   = "hep-ex",
      SLACcitation   = "%%CITATION = ARXIV:0706.0282;%%"
}

@inproceedings{Hirschbuhl:2007qc,
      author         = {{CDF Collaboration}},
      title          = "{Search for single top production using multivariate
                        analyses at CDF}",
      booktitle      = "{SUSY 2007 Proceedings, 15th International Conference on
                        Supersymmetry and Unification of Fundamental Interactions,
                        July 26 - August 1, 2007, Karlsruhe, Germany}",
      collaboration  = "CDF",
      url            = "http://lss.fnal.gov/cgi-bin/find_paper.pl?conf-07-557",
      access={21 de abril de 2018},
      year           = "2007",
      pages          = "426-429",
      doi            = "10.2172/920439",
      eprint         = "0710.3275",
      archivePrefix  = "arXiv",
      primaryClass   = "hep-ex",
      reportNumber   = "FERMILAB-CONF-07-557-E",
      SLACcitation   = "%%CITATION = ARXIV:0710.3275;%%"
}

@inproceedings{Wagner:2007nv,
      author         = {{CDF Collaboration}},
      title          = "{Search for single-top production at CDF}",
      booktitle      = "{Proceedings, 42nd Rencontres de Moriond on QCD and High
                        Energy Hadronic Interactions: La Thuile, Italy, March
                        17-24, 2007}",
      collaboration  = "CDF",
      url            = "http://lss.fnal.gov/cgi-bin/find_paper.pl?conf-07-152",
      access={21 de abril de 2018},
      year           = "2007",
      eprint         = "0705.2954",
      archivePrefix  = "arXiv",
      primaryClass   = "hep-ex",
      reportNumber   = "FERMILAB-CONF-07-152-E",
      SLACcitation   = "%%CITATION = ARXIV:0705.2954;%%"
}

@article{Aaltonen:2007wx,
      author         = {{CDF Collaboration}},
      title          = "{Search for Standard Model Higgs Bosons Produced in
                        Association with $W$ Bosons}",
      collaboration  = "CDF",
      journal        = "Phys. Rev. Lett.",
      volume         = "100",
      year           = "2008",
      pages          = "041801",
      doi            = "10.1103/PhysRevLett.100.041801",
      eprint         = "0710.4363",
      archivePrefix  = "arXiv",
      primaryClass   = "hep-ex",
      reportNumber   = "FERMILAB-PUB-07-567-E",
      SLACcitation   = "%%CITATION = ARXIV:0710.4363;%%"
}

@article{Acosta:2005am,
      author         = {{CDF Collaboration}},
      title          = "{Measurement of the cross section for $t\bar{t}$
                        production in $p\bar{p}$ collisions using the kinematics
                        of lepton + jets events}",
      collaboration  = "CDF",
      journal        = "Phys. Rev.",
      volume         = "D72",
      year           = "2005",
      pages          = "052003",
      doi            = "10.1103/PhysRevD.72.052003",
      eprint         = "hep-ex/0504053",
      archivePrefix  = "arXiv",
      primaryClass   = "hep-ex",
      reportNumber   = "FERMILAB-PUB-05-161-E",
      SLACcitation   = "%%CITATION = HEP-EX/0504053;%%"
}


@article{0295-5075-55-3-324,
  author={R. Odorico},
  title={A comparative study of the D0 neural-network analysis of the top quark non-leptonic decay channel},
  journal={EPL (Europhysics Letters)},
  volume={55},
  number={3},
  pages={324},
  url={http://stacks.iop.org/0295-5075/55/i=3/a=324},
      access={21 de abril de 2018},
  year={2001},
}

@article{Abazov:2016ekt,
      author         = "Abazov, Victor Mukhamedovich and \MakeLowercase{et~al.}",
      title          = "{Measurement of the inclusive $t\bar{t}$ production cross
                        section in $p\bar{p}$ collisions at $\sqrt{s}=1.96$ TeV
                        and determination of the top quark pole mass}",
      collaboration  = "D0",
      journal        = "Phys. Rev.",
      volume         = "D94",
      year           = "2016",
      pages          = "092004",
      doi            = "10.1103/PhysRevD.94.092004",
      eprint         = "1605.06168",
      archivePrefix  = "arXiv",
      primaryClass   = "hep-ex",
      reportNumber   = "FERMILAB-PUB-16-180-E",
      SLACcitation   = "%%CITATION = ARXIV:1605.06168;%%"
}

@inproceedings{Franc:2014iea,
      author         = "Franc, Jiří and Bouř, Petr and Štěpánek, Michal and
                        Kůs, Václav",
      title          = "{New Statistical Techniques in the Measurement of the
                        inclusive Top Pair Production Cross Section}",
      booktitle      = "{Proceedings, 7th International Workshop on Top Quark
                        Physics (TOP2014): Cannes, France, September 28-October 3,
                        2014}",
      url            = "https://inspirehep.net/record/1332508/files/arXiv:1412.1076.pdf",
      access={21 de abril de 2018},
      year           = "2014",
      eprint         = "1412.1076",
      archivePrefix  = "arXiv",
      primaryClass   = "hep-ex",
      SLACcitation   = "%%CITATION = ARXIV:1412.1076;%%"
}

@inproceedings{Ronzani:2014rca,
      author         = {{CDF Collaboration and D0 Collaboration}},
      title          = "{Single Top Quark Measurements at the Tevatron}",
      booktitle      = "{Proceedings, 7th International Workshop on Top Quark
                        Physics (TOP2014): Cannes, France, September 28-October 3,
                        2014}",
      collaboration  = "CDF, D0",
      url            = "https://inspirehep.net/record/1331789/files/arXiv:1412.0500.pdf",
      access={21 de abril de 2018},
      year           = "2014",
      eprint         = "1412.0500",
      archivePrefix  = "arXiv",
      primaryClass   = "hep-ex",
      reportNumber   = "FERMILAB-CONF-14-558-PPD",
      SLACcitation   = "%%CITATION = ARXIV:1412.0500;%%"
}

@article{Abazov:2013wjb,
      author         = {{D0 Collaboration}},
      title          = "{Search for the rare decay $B_s\to \mu\mu$}",
      collaboration  = "D0",
      journal        = "Phys. Rev.",
      volume         = "D87",
      year           = "2013",
      number         = "7",
      pages          = "072006",
      doi            = "10.1103/PhysRevD.87.072006",
      eprint         = "1301.4507",
      archivePrefix  = "arXiv",
      primaryClass   = "hep-ex",
      reportNumber   = "FERMILAB-PUB-13-020-E",
      SLACcitation   = "%%CITATION = ARXIV:1301.4507;%%"
}

@article{Abazov:2009nu,
      author         = {{D0 Collaboration}},
      title          = "{Search for single top quarks in the tau+jets channel
                        using 4.8 fb**-1 of p p-bar collision data}",
      collaboration  = "D0",
      journal        = "Phys. Lett.",
      volume         = "B690",
      year           = "2010",
      pages          = "5-14",
      doi            = "10.1016/j.physletb.2010.05.003",
      eprint         = "0912.1066",
      archivePrefix  = "arXiv",
      primaryClass   = "hep-ex",
      reportNumber   = "FERMILAB-PUB-09-610-E",
      SLACcitation   = "%%CITATION = ARXIV:0912.1066;%%"
}

@inproceedings{Kvita:2009vr,
      author         = {{D0 Collaboration}},
      title          = "{Top Production Cross Sections at D0}",
      booktitle      = "{Proceedings, 17th International Workshop on
                        Deep-Inelastic Scattering and Related Subjects (DIS 2009):
                        Madrid, Spain, April 26-30, 2009}",
      collaboration  = "D0",
      url            = "http://lss.fnal.gov/cgi-bin/find_paper.pl?conf-09-365",
      access={21 de abril de 2018},
      year           = "2009",
      eprint         = "0907.2684",
      archivePrefix  = "arXiv",
      primaryClass   = "hep-ex",
      reportNumber   = "FERMILAB-CONF-09-365-E",
      SLACcitation   = "%%CITATION = ARXIV:0907.2684;%%"
}

@article{Abazov:2010qk,
      author         = {{D0 Collaboration}},
      title          = "{Search for flavor changing neutral currents via
                        quark-gluon couplings in single top quark production using
                        2.3 fb$^{-1}$ of $p\bar{p}$ collisions}",
      collaboration  = "D0",
      journal        = "Phys. Lett.",
      volume         = "B693",
      year           = "2010",
      pages          = "81-87",
      doi            = "10.1016/j.physletb.2010.08.011",
      eprint         = "1006.3575",
      archivePrefix  = "arXiv",
      primaryClass   = "hep-ex",
      reportNumber   = "FERMILAB-PUB-10-203-E",
      SLACcitation   = "%%CITATION = ARXIV:1006.3575;%%"
}

@article{Abazov:2009pa,
      author         = {{D0 Collaboration}},
      title          = "{Measurement of the t-channel single top quark production
                        cross section}",
      collaboration  = "D0",
      journal        = "Phys. Lett.",
      volume         = "B682",
      year           = "2010",
      pages          = "363-369",
      doi            = "10.1016/j.physletb.2009.11.038",
      eprint         = "0907.4259",
      archivePrefix  = "arXiv",
      primaryClass   = "hep-ex",
      reportNumber   = "FERMILAB-PUB-09-372-E",
      SLACcitation   = "%%CITATION = ARXIV:0907.4259;%%"
}

@inproceedings{Tanasijczuk:2009wd,
      author         = {{D0 Collaboration}},
      title          = "{Search for Single Top Quark Production at the D0
                        Experiment using Bayesian Neural Networks}",
      booktitle      = "{24th Lake Louise Winter Institute: Fundamental
                        Interactions (LLWI 2009) Lake Louise, Alberta, Canada,
                        February 16-21, 2009}",
      collaboration  = "D0",
      url            = "https://inspirehep.net/record/821793/files/arXiv:0906.0119.pdf",
      access={21 de abril de 2018},
      year           = "2009",
      eprint         = "0906.0119",
      archivePrefix  = "arXiv",
      primaryClass   = "hep-ex",
      SLACcitation   = "%%CITATION = ARXIV:0906.0119;%%"
}

@article{Schwienhorst:2009cn,
      author         = {{D0 Collaboration}},
      title          = "{Observation of Single Top Quark Production with the D0
                        Detector}",
      booktitle      = "{Proceedings, Europhysics Conference on High energy
                        physics (EPS-HEP 2009): Cracow, Poland, July 16-22, 2009}",
      collaboration  = "D0",
      journal        = "PoS",
      volume         = "EPS-HEP2009",
      year           = "2009",
      pages          = "356",
      eprint         = "0908.4553",
      archivePrefix  = "arXiv",
      primaryClass   = "hep-ex",
      reportNumber   = "FERMILAB-PUB-09-371-PPD",
      SLACcitation   = "%%CITATION = ARXIV:0908.4553;%%"
}

@article{Abazov:2008kt,
      author         = {{D0 Collaboration}},
      title          = "{Evidence for production of single top quarks}",
      collaboration  = "D0",
      journal        = "Phys. Rev.",
      volume         = "D78",
      year           = "2008",
      pages          = "012005",
      doi            = "10.1103/PhysRevD.78.012005",
      eprint         = "0803.0739",
      archivePrefix  = "arXiv",
      primaryClass   = "hep-ex",
      reportNumber   = "FERMILAB-PUB-08-056-E",
      SLACcitation   = "%%CITATION = ARXIV:0803.0739;%%"
}

@article{Abazov:2008cn,
      author         = {{D0 Collaboration}},
      title          = "{A search for the standard model Higgs boson in the
                        missing energy and acoplanar b-jet topology at
                        $\sqrt{s}$=1.96}",
      collaboration  = "D0",
      journal        = "Phys. Rev. Lett.",
      volume         = "101",
      year           = "2008",
      pages          = "251802",
      doi            = "10.1103/PhysRevLett.101.251802",
      eprint         = "0808.1266",
      archivePrefix  = "arXiv",
      primaryClass   = "hep-ex",
      reportNumber   = "FERMILAB-PUB-08-294-E",
      SLACcitation   = "%%CITATION = ARXIV:0808.1266;%%"
}


@inproceedings{Treleaven:340474,
      author        = "Treleaven, P C",
      title         = "{Hardware and software tools for neural networks}",
      year          = "1990",
      url           = "https://cds.cern.ch/record/340474",
      access={21 de abril de 2018},
      series        = "CERN Yellow Reports: Monographs",
      Booktitle     = "12th CERN School of Computing",
      Address       = "Bad Herrenalb, Germany",
      Pages         = {140-155},
      month         = {Aug}
}

@proceedings{first_acat,
      editor         = "Perret- Gallix, D. and Wojcik, W.",
      title          = "{New computing techniques in physics research.
                        Proceedings, 1st International Workshop on Software
                        Engineering, Artificial Intelligence and Expert Systems in
                        High-Energy and Nuclear Physics, Lyon, France, March
                        19-24, 1990}",
      journal        = "Paris, France: Ed. CNRS (1990) 665 p",
      year           = "1990",
      SLACcitation   = "%%CITATION = INSPIRE-307954;%%"
}



% ATLAS Useful References
% Taken from https://twiki.cern.ch/twiki/bin/view/AtlasProtected/PubComUsefulBibTex
% LHC
@Article{Evans:2008zzb,
      author         = "Evans, Lyndon and Bryant, Philip",
      title          = "{LHC Machine}",
      journal        = "JINST",
      volume         = "3",
      pages          = "S08001",
      doi            = "10.1088/1748-0221/3/08/S08001",
      year           = "2008",
      SLACcitation   = "%%CITATION = JINST,3,S08001;%%",
}

% Beam Energy
@Article{PhysRevAccelBeams.20.081003,
  title = {Large Hadron Collider momentum calibration and accuracy},
  author = {Todesco, E. and Wenninger, J.},
  journal = {Phys. Rev. Accel. Beams},
  volume = {20},
  pages = {081003},
  year = {2017},
  doi = {10.1103/PhysRevAccelBeams.20.081003},
  url = {https://link.aps.org/doi/10.1103/PhysRevAccelBeams.20.081003}
}

% anti-kt algorithm
@Article{Cacciari:2008gp,
     author    = "Cacciari, Matteo and Salam, Gavin P. and Soyez, Gregory",
     title     = "{The anti-\(k_t\) jet clustering algorithm}",
     journal   = "JHEP",
     volume    = "04",
     year      = "2008",
     pages     = "063",
     eprint    = "0802.1189",
     archivePrefix = "arXiv",
     primaryClass  =  "hep-ph",
     doi       = "10.1088/1126-6708/2008/04/063",
     SLACcitation  = "%%CITATION = 0802.1189;%%"
}

% FastJet
@Article{Fastjet,
      author         = "Cacciari, Matteo and Salam, Gavin P. and Soyez, Gregory",
      title          = "{FastJet User Manual}",
      journal        = "Eur. Phys. J. C",
      volume         = "72",
      year           = "2012",
      pages          = "1896",
      doi            = "10.1140/epjc/s10052-012-1896-2",
      eprint         = "1111.6097",
      archivePrefix  = "arXiv",
      primaryClass   = "hep-ph",
      reportNumber   = "CERN-PH-TH-2011-297",
      SLACcitation   = "%%CITATION = ARXIV:1111.6097;%%"
}

% PDF4LHC Recommendations
@Article{Butterworth:2015oua,
      author         = "Butterworth, Jon and others",
      title          = "{PDF4LHC recommendations for LHC Run II}",
      journal        = "J. Phys. G",
      volume         = "43",
      year           = "2016",
      pages          = "023001",
      doi            = "10.1088/0954-3899/43/2/023001",
      eprint         = "1510.03865",
      archivePrefix  = "arXiv",
      primaryClass   = "hep-ph",
      reportNumber   = "OUTP-15-17P, SMU-HEP-15-12, TIF-UNIMI-2015-14,
                        LCTS-2015-27, CERN-PH-TH-2015-249",
      SLACcitation   = "%%CITATION = ARXIV:1510.03865;%%"
}

% CTEQ5 PDFs
@Article{Lai:1999wy,
     author    = "Lai, H. L. and others",
 collaboration = "CTEQ",
     title     = "{Global QCD analysis of parton structure of the nucleon:
                  CTEQ5 parton distributions}",
     journal   = "Eur. Phys. J. C",
     volume    = "12",
     year      = "2000",
     pages     = "375",
     eprint    = "hep-ph/9903282",
     archivePrefix = "arXiv",
     doi       = "10.1007/s100529900196",
     SLACcitation  = "%%CITATION = HEP-PH/9903282;%%"
}

% CTEQ6 PDFs
@Article{Pumplin:2002vw,
     author    = "Pumplin, J. and others",
     title     = "{New generation of parton distributions with uncertainties
                  from global QCD analysis}",
     journal   = "JHEP",
     volume    = "07",
     year      = "2002",
     pages     = "012",
     eprint    = "hep-ph/0201195",
     archivePrefix = "arXiv",
     SLACcitation  = "%%CITATION = HEP-PH/0201195;%%"
}

% MRST 2007 PDFs
@Article{Sherstnev:2007nd,
     author    = "Sherstnev, A. and Thorne, R. S.",
     title     = "{Parton Distributions for LO Generators}",
     journal   = "Eur. Phys. J. C",
     volume    = "55",
     year      = "2008",
     pages     = "553",
     eprint    = "0711.2473",
     archivePrefix = "arXiv",
     primaryClass  =  "hep-ph",
     doi       = "10.1140/epjc/s10052-008-0610-x",
     SLACcitation  = "%%CITATION = 0711.2473;%%"
}

% NNPDF 2.3 PDFs
@article{Ball:2012cx,
      author         = "Ball, Richard D. and others",
      title          = "{Parton distributions with LHC data}",
      journal        = "Nucl. Phys. B",
      volume         = "867",
      year           = "2013",
      pages          = "244",
      doi            = "10.1016/j.nuclphysb.2012.10.003",
      eprint         = "1207.1303",
      archivePrefix  = "arXiv",
      primaryClass   = "hep-ph",
      reportNumber   = "EDINBURGH-2012-08, IFUM-FT-997, FR-PHENO-2012-014,
                        RWTH-TTK-12-25, CERN-PH-TH-2012-037, SFB-CPP-12-47\,
                        --CERN-PH-TH-2012-037",
      SLACcitation   = "%%CITATION = ARXIV:1207.1303;%%"
}

% NNPDF 3.0 PDFs
@article{Ball:2014uwa,
      author         = "Ball, Richard D. and others",
      title          = "{Parton distributions for the LHC Run II}",
      collaboration  = "NNPDF",
      journal        = "JHEP",
      volume         = "04",
      year           = "2015",
      pages          = "040",
      doi            = "10.1007/JHEP04(2015)040",
      eprint         = "1410.8849",
      archivePrefix  = "arXiv",
      primaryClass   = "hep-ph",
      reportNumber   = "EDINBURGH-2014-15, IFUM-1034-FT, CERN-PH-TH-2013-253,
                        OUTP-14-11P, CAVENDISH-HEP-14-11",
      SLACcitation   = "%%CITATION = ARXIV:1410.8849;%%"
}

% Alpgen
@Article{Mangano:2002ea,
      author         = "Mangano, Michelangelo L. and others",
      title          = "{ALPGEN, a generator for hard multiparton processes in
                        hadronic collisions}",
      journal        = "JHEP",
      volume         = "07",
      pages          = "001",
      doi            = "10.1088/1126-6708/2003/07/001",
      year           = "2003",
      eprint         = "hep-ph/0206293",
      archivePrefix  = "arXiv",
      reportNumber   = "CERN-TH-2002-129, FTN-T-2002-06",
      SLACcitation   = "%%CITATION = HEP-PH/0206293;%%",
}

% FEWZ
@Article{Melnikov:2006kv,
     author    = "Melnikov, Kirill and Petriello, Frank",
     title     = "{Electroweak gauge boson production at hadron colliders
                  through O(alpha(s)**2)}",
     journal   = "Phys. Rev. D",
     volume    = "74",
     year      = "2006",
     pages     = "114017",
     eprint    = "hep-ph/0609070",
     archivePrefix = "arXiv",
     doi       = "10.1103/PhysRevD.74.114017",
     SLACcitation  = "%%CITATION = HEP-PH/0609070;%%"
}

@Article{Gavin:2010az,
     author    = "Gavin, Ryan and Li, Ye and Petriello, Frank and Quackenbush, Seth",
     title     = "{FEWZ 2.0: A code for hadronic \(Z\) production at next-to-next-to-leading order}",
     year      = "2010",
     pages   = "2388",
     eprint    = "1011.3540",
     archivePrefix = "arXiv",
     primaryClass  =  "hep-ph",
     SLACcitation  = "%%CITATION = 1011.3540;%%"
}

% Pythia6
@Article{Sjostrand:2006za,
     author    = "Sj{\"o}strand, Torbjorn and Mrenna, Stephen and Skands, Peter Z.",
     title     = "{PYTHIA 6.4 Physics and Manual}",
     journal   = "JHEP",
     volume    = "05",
     year      = "2006",
     pages     = "026",
     eprint    = "hep-ph/0603175",
     archivePrefix = "arXiv",
     doi       = "10.1088/1126-6708/2006/05/026",
     SLACcitation  = "%%CITATION = HEP-PH/0603175;%%"
}

% Perugia tunes
@article{Skands:2010ak,
      author         = "Skands, Peter Zeiler",
      title          = "{Tuning Monte Carlo Generators: The Perugia Tunes}",
      journal        = "Phys. Rev. D",
      volume         = "82",
      year           = "2010",
      pages          = "074018",
      doi            = "10.1103/PhysRevD.82.074018",
      eprint         = "1005.3457",
      archivePrefix  = "arXiv",
      primaryClass   = "hep-ph",
      reportNumber   = "MCNET-10-08, CERN-PH-TH-2010-113",
      SLACcitation   = "%%CITATION = ARXIV:1005.3457;%%"
}

% Monash tunes
@article{Skands:2014pea,
      author         = "Skands, Peter and Carrazza, Stefano and Rojo, Juan",
      title          = "{Tuning PYTHIA 8.1: the Monash 2013 Tune}",
      journal        = "Eur. Phys. J. C",
      volume         = "74",
      year           = "2014",
      number         = "8",
      pages          = "3024",
      doi            = "10.1140/epjc/s10052-014-3024-y",
      eprint         = "1404.5630",
      archivePrefix  = "arXiv",
      primaryClass   = "hep-ph",
      reportNumber   = "CERN-PH-TH-2014-069, MCNET-14-08, OUTP-14-05P",
      SLACcitation   = "%%CITATION = ARXIV:1404.5630;%%"
}

% Pythia8
@article{Sjostrand:2014zea,
      author         = "Sj{\"o}strand, Torbj{\"o}rn and Ask, Stefan and Christiansen,
                        Jesper R. and Corke, Richard and Desai, Nishita and Ilten,
                        Philip and Mrenna, Stephen and Prestel, Stefan and
                        Rasmussen, Christine O. and Skands, Peter Z.",
      title          = "{An Introduction to PYTHIA 8.2}",
      journal        = "Comput. Phys. Commun.",
      volume         = "191",
      year           = "2015",
      pages          = "159",
      doi            = "10.1016/j.cpc.2015.01.024",
      eprint         = "1410.3012",
      archivePrefix  = "arXiv",
      primaryClass   = "hep-ph",
      reportNumber   = "LU-TP-14-36, MCNET-14-22, CERN-PH-TH-2014-190,
                        FERMILAB-PUB-14-316-CD, DESY-14-178, SLAC-PUB-16122,
                        --FERMILAB-PUB-14-316-CD",
      SLACcitation   = "%%CITATION = ARXIV:1410.3012;%%"
}

% EvtGen
@Article{Lange:2001uf,
      author         = "Lange, D. J.",
      title          = "{The EvtGen particle decay simulation package}",
      booktitle      = "{Proceedings, 7th International Conference on B physics
                        at hadron machines (BEAUTY 2000)}",
      journal        = "Nucl. Instrum. Meth. A",
      volume         = "462",
      year           = "2001",
      pages          = "152",
      doi            = "10.1016/S0168-9002(01)00089-4",
      SLACcitation   = "%%CITATION = NUIMA,A462,152;%%"
}

% MC@NLO - general
@Article{Frixione:2002ik,
     author    = "Frixione, Stefano and Webber, Bryan R.",
     title     = "{Matching NLO QCD computations and parton shower
                  simulations}",
     journal   = "JHEP",
     volume    = "06",
     year      = "2002",
     pages     = "029",
     eprint    = "hep-ph/0204244",
     archivePrefix = "arXiv"
}

% MC@NLO - process-dependent
@Article{Frixione:2003ei,
     author    = "Frixione, Stefano and Nason, Paolo and Webber, Bryan R.",
     title     = "{Matching NLO QCD and parton showers in heavy flavour
                  production}",
     journal   = "JHEP",
     volume    = "08",
     year      = "2003",
     pages     = "007",
     eprint    = "hep-ph/0305252",
     archivePrefix = "arXiv"
}

@Article{Frixione:2005vw,
     author    = "Frixione, Stefano and Laenen, Eric and Motylinski, Patrick
                  and Webber, Bryan R.",
     title     = "{Single-top production in MC@NLO}",
     journal   = "JHEP",
     volume    = "03",
     year      = "2006",
     pages     = "092",
     eprint    = "hep-ph/0512250",
     archivePrefix = "arXiv",
     doi       = "10.1088/1126-6708/2006/03/092"
}

@Article{Frixione:2008yi,
     author    = "Frixione, Stefano and Laenen, Eric and Motylinski, Patrick
                  and Webber, Bryan R. and White, Chris D.",
     title     = "{Single-top hadroproduction in association with a W
                  boson}",
     journal   = "JHEP",
     volume    = "07",
     year      = "2008",
     pages     = "029",
     eprint    = "0805.3067",
     archivePrefix = "arXiv",
     primaryClass  =  "hep-ph",
     doi       = "10.1088/1126-6708/2008/07/029"
}

@Article{Frixione:2010ra,
     author    = "Frixione, Stefano and Stoeckli, Fabian and Torrielli, Paolo
                  and Webber, Bryan R.",
     title     = "{NLO QCD corrections in Herwig++ with MC@NLO}",
     journal   = "JHEP",
     volume    = "01",
     year      = "2011",
     pages     = "053",
     eprint    = "1010.0568",
     archivePrefix = "arXiv",
     primaryClass  =  "hep-ph",
     doi       = "10.1007/JHEP01(2011)053"
}

% MadGraph5 v1.X
@Article{Alwall:2011uj,
      author         = "Alwall, Johan and Herquet, Michel and Maltoni, Fabio and
                        Mattelaer, Olivier and Stelzer, Tim",
      title          = "{MadGraph 5 : Going Beyond}",
      journal        = "JHEP",
      volume         = "06",
      pages          = "128",
      doi            = "10.1007/JHEP06(2011)128",
      year           = "2011",
      eprint         = "1106.0522",
      archivePrefix  = "arXiv",
      primaryClass   = "hep-ph"
}

% MadGraph5 v2.X / MadGraph5_aMC@NLO
@Article{Alwall:2014hca,
      author         = "Alwall, J. and Frederix, R. and Frixione, S. and Hirschi,
                        V. and Maltoni, F. and others",
      title          = "{The automated computation of tree-level and
                        next-to-leading order differential cross sections, and
                        their matching to parton shower simulations}",
      journal        = "JHEP",
      volume         = "07",
      pages          = "079",
      doi            = "10.1007/JHEP07(2014)079",
      year           = "2014",
      eprint         = "1405.0301",
      archivePrefix  = "arXiv",
      primaryClass   = "hep-ph"
}

% MadSpin
@article{Artoisenet:2012st,
      author         = "Artoisenet, Pierre and Frederix, Rikkert and Mattelaer,
                        Olivier and Rietkerk, Robbert",
      title          = "{Automatic spin-entangled decays of heavy resonances in
                        Monte Carlo simulations}",
      journal        = "JHEP",
      volume         = "03",
      pages          = "015",
      doi            = "10.1007/JHEP03(2013)015",
      year           = "2013",
      eprint         = "1212.3460",
      archivePrefix  = "arXiv",
      primaryClass   = "hep-ph",
      reportNumber   = "NIKHEF-2012-021, CERN-PH-TH-2012-329",
      SLACcitation   = "%%CITATION = ARXIV:1212.3460;%%",
}

% Herwig
@Article{Corcella:2000bw,
      author         = "Corcella, G. and others",
      title          = "{HERWIG 6: an event generator for hadron emission
                        reactions with interfering gluons (including supersymmetric processes)}",
      journal        = "JHEP",
      volume         = "01",
      pages          = "010",
      doi            = "10.1088/1126-6708/2001/01/010",
      year           = "2001",
      eprint         = "hep-ph/0011363",
      archivePrefix  = "arXiv",
      reportNumber   = "CAVENDISH-HEP-99-03, CERN-TH-2000-284, RAL-TR-2000-048",
      SLACcitation   = "%%CITATION = HEP-PH/0011363;%%",
}

% Herwig++
@Article{Bahr:2008pv,
      author         = "Bahr, M. and others",
      title          = "{Herwig++ Physics and Manual}",
      journal        = "Eur. Phys. J. C",
      volume         = "58",
      year           = "2008",
      pages          = "639",
      doi            = "10.1140/epjc/s10052-008-0798-9",
      eprint         = "0803.0883",
      archivePrefix  = "arXiv",
      primaryClass   = "hep-ph",
      reportNumber   = "CERN-PH-TH-2008-038, CAVENDISH-HEP-08-03, KA-TP-05-2008,
                        DCPT-08-22, IPPP-08-11, CP3-08-05",
      SLACcitation   = "%%CITATION = ARXIV:0803.0883;%%"
}

% Herwig7 - the Herwig++ reference *and*
@Article{Bellm:2015jjp,
      author         = "Bellm, Johannes and others",
      title          = "{Herwig 7.0/Herwig++ 3.0 release note}",
      journal        = "Eur. Phys. J. C",
      volume         = "76",
      year           = "2016",
      number         = "4",
      pages          = "196",
      doi            = "10.1140/epjc/s10052-016-4018-8",
      eprint         = "1512.01178",
      archivePrefix  = "arXiv",
      primaryClass   = "hep-ph",
      reportNumber   = "CERN-PH-TH-2015-289, MAN-HEP-2015-15, IFJPAN-IV-2015-13,
                        HERWIG-2015-01, KA-TP-18-2015, DCPT-15-142, MCNET-15-28,
                        IPPP-15-71, --HERWIG-2015-01",
      SLACcitation   = "%%CITATION = ARXIV:1512.01178;%%"
}

% Jimmy
@Article{Butterworth:1996zw,
      author         = "Butterworth, J.M. and Forshaw, Jeffrey R. and Seymour,
                        M.H.",
      title          = "{Multiparton interactions in photoproduction at HERA}",
      journal        = "Z. Phys. C",
      volume         = "72",
      pages          = "637",
      doi            = "10.1007/s002880050286",
      year           = "1996",
      eprint         = "hep-ph/9601371",
      archivePrefix  = "arXiv",
      reportNumber   = "CERN-TH-96-82, M-C-TH-96-05, UCL-HEP-96-02",
      SLACcitation   = "%%CITATION = HEP-PH/9601371;%%",
}

% MCFM
@Article{Campbell:1999ah,
      author         = "Campbell, John M. and Ellis, R. Keith",
      title          = "{Update on vector boson pair production at hadron
                        colliders}",
      journal        = "Phys. Rev. D",
      volume         = "60",
      pages          = "113006",
      doi            = "10.1103/PhysRevD.60.113006",
      year           = "1999",
      eprint         = "hep-ph/9905386",
      archivePrefix  = "arXiv",
      reportNumber   = "FERMILAB-PUB-99-146-T",
      SLACcitation   = "%%CITATION = HEP-PH/9905386;%%",
}

% Powheg - general
@Article{Nason:2004rx,
      author         = "Nason, Paolo",
      title          = "{A new method for combining NLO QCD with shower Monte Carlo algorithms}",
      journal        = "JHEP",
      volume         = "11",
      pages          = "040",
      doi            = "10.1088/1126-6708/2004/11/040",
      year           = "2004",
      eprint         = "hep-ph/0409146",
      archivePrefix  = "arXiv",
}

@Article{Frixione:2007vw,
      author         = "Frixione, Stefano and Nason, Paolo and Oleari, Carlo",
      title          = "{Matching NLO QCD computations with Parton Shower
                        simulations: the POWHEG method}",
      journal        = "JHEP",
      volume         = "11",
      pages          = "070",
      doi            = "10.1088/1126-6708/2007/11/070",
      year           = "2007",
      eprint         = "0709.2092",
      archivePrefix  = "arXiv",
      primaryClass   = "hep-ph",
}

% Powheg-Box
@Article{Alioli:2010xd,
      author         = "Alioli, Simone and Nason, Paolo and Oleari, Carlo and Re,
                        Emanuele",
      title          = "{A general framework for implementing NLO calculations in
                        shower Monte Carlo programs: the POWHEG BOX}",
      journal        = "JHEP",
      volume         = "06",
      pages          = "043",
      doi            = "10.1007/JHEP06(2010)043",
      year           = "2010",
      eprint         = "1002.2581",
      archivePrefix  = "arXiv",
      primaryClass   = "hep-ph",
}

% Sherpa
@Article{Gleisberg:2008ta,
      author         = "Gleisberg, T. and H{\"o}che, S. and Krauss, F. and Sch{\"o}nherr, M. and Schumann, S. and others",
      title          = "{Event generation with SHERPA 1.1}",
      journal        = "JHEP",
      volume         = "02",
      pages          = "007",
      doi            = "10.1088/1126-6708/2009/02/007",
      year           = "2009",
      eprint         = "0811.4622",
      archivePrefix  = "arXiv",
      primaryClass   = "hep-ph",
}

% Sherpa - if ME+PS merging is used (almost always)
% MEPS@LO
@Article{Hoeche:2009rj,
      author         = "H{\"o}che, Stefan and Krauss, Frank and Schumann, Steffen and Siegert, Frank",
      title          = "{QCD matrix elements and truncated showers}",
      journal        = "JHEP",
      volume         = "05",
      pages          = "053",
      doi            = "10.1088/1126-6708/2009/05/053",
      year           = "2009",
      eprint         = "0903.1219",
      archivePrefix  = "arXiv",
      primaryClass   = "hep-ph",
}
% COMIX
@Article{Gleisberg:2008fv,
      author         = "Gleisberg, Tanju and H{\"o}che, Stefan",
      title          = "{Comix, a new matrix element generator}",
      journal        = "JHEP",
      volume         = "12",
      pages          = "039",
      doi            = "10.1088/1126-6708/2008/12/039",
      year           = "2008",
      eprint         = "0808.3674",
      archivePrefix  = "arXiv",
      primaryClass   = "hep-ph",
}
% C-S dipole shower
@Article{Schumann:2007mg,
      author         = "Schumann, Steffen and Krauss, Frank",
      title          = "{A Parton shower algorithm based on Catani-Seymour dipole
                        factorisation}",
      journal        = "JHEP",
      volume         = "03",
      pages          = "038",
      doi            = "10.1088/1126-6708/2008/03/038",
      year           = "2008",
      eprint         = "0709.1027",
      archivePrefix  = "arXiv",
      primaryClass   = "hep-ph",
}

% Sherpa with OpenLoops
@article{Cascioli:2011va,
      author         = "Cascioli, Fabio and Maierhofer, Philipp and Pozzorini,
                        Stefano",
      title          = "{Scattering Amplitudes with Open Loops}",
      journal        = "Phys. Rev. Lett.",
      volume         = "108",
      year           = "2012",
      pages          = "111601",
      doi            = "10.1103/PhysRevLett.108.111601",
      eprint         = "1111.5206",
      archivePrefix  = "arXiv",
      primaryClass   = "hep-ph",
      reportNumber   = "ZU-TH-23-11, LPN11-66",
      SLACcitation   = "%%CITATION = ARXIV:1111.5206;%%"
}

% MEPS@NLO
@article{Hoeche:2012yf,
      author         = "H{\"o}che, Stefan and Krauss, Frank and Sch{\"o}nherr, Marek and
                        Siegert, Frank",
      title          = "{QCD matrix elements + parton showers: The NLO case}",
      journal        = "JHEP",
      volume         = "04",
      year           = "2013",
      pages          = "027",
      doi            = "10.1007/JHEP04(2013)027",
      eprint         = "1207.5030",
      archivePrefix  = "arXiv",
      primaryClass   = "hep-ph",
      reportNumber   = "SLAC-PUB-15191, IPPP-12-52, DCPT-12-104, LPN12-081,
                        FR-PHENO-2012-017, MCNET-12-09, --FR-PHENO-2012-017",
      SLACcitation   = "%%CITATION = ARXIV:1207.5030;%%"
}

% Sherpa, if you are sensitive to QED FSR
@Article{Schonherr:2008av,
      author         = "Sch{\"o}nherr, Marek and Krauss, Frank",
      title          = "{Soft Photon Radiation in Particle Decays in SHERPA}",
      journal        = "JHEP",
      volume         = "12",
      pages          = "018",
      doi            = "10.1088/1126-6708/2008/12/018",
      year           = "2008",
      eprint         = "0810.5071",
      archivePrefix  = "arXiv",
      primaryClass   = "hep-ph",
}

% Photos++
@article{Davidson:2010ew,
      author         = "Davidson, N. and Przedzinski, T. and Was, Z.",
      title          = "{PHOTOS Interface in C++: Technical and Physics
                        Documentation}",
      year           = "2010",
      eprint         = "1011.0937",
      archivePrefix  = "arXiv",
      primaryClass   = "hep-ph",
      reportNumber   = "CERN-PH-TH-2010-261, IFJPAN-IV-2010-6",
      SLACcitation   = "%%CITATION = ARXIV:1011.0937;%%"
}

% Geant4
@article{Agostinelli:2002hh,
      author         = "Agostinelli, S. and others",
      title          = "{GEANT4: A Simulation toolkit}",
      collaboration  = "GEANT4",
      journal        = "Nucl. Instrum. Meth. A",
      volume         = "506",
      year           = "2003",
      pages          = "250",
      doi            = "10.1016/S0168-9002(03)01368-8",
      reportNumber   = "SLAC-PUB-9350, FERMILAB-PUB-03-339",
      SLACcitation   = "%%CITATION = NUIMA,A506,250;%%"
}

% Simulation - hadronic physics lists
@Article{Geant4PhysicsLists,
  author = "A. Ribon and others",
  title = "Status of Geant4 hadronic physics for the simulation of LHC experiments at the start of the LHC physics program",
  report = "CERN-LCGAPP-2010-02",
  url = "https://lcgapp.cern.ch/project/docs/noteStatusHadronic2010.pdf",
  year = 2010
}

% CLs
@Article{Read:2002hq,
    Author = {Read, Alexander L.},
    Journal = {J. Phys. G},
    Pages = {2693},
    doi = "10.1088/0954-3899/28/10/313",
    Title = {{Presentation of search results: the \(CL_S\) technique}},
    Volume = {28},
    Year = {2002}
}

% Asymptotic formulae
@Article{Cowan:2010js,
   Author = {Cowan, Glen and Cranmer, Kyle and Gross, Eilam and Vitells, Ofer},
   Eprint = "1007.1727",
   Archiveprefix = {arXiv},
   Primaryclass = {physics.data-an},
   Journal = {Eur. Phys. J. C},
   Pages = {1554},
   doi = "10.1140/epjc/s10052-011-1554-0",
   Title = {{Asymptotic formulae for likelihood-based tests of new physics}},
   Volume = {71},
   Year = {2011},
   Addendum = "Erratum: \href{http://dx.doi.org/10.1140/epjc/s10052-013-2501-z}{Eur. Phys. J. C {\textbf{73}} (2013) 2501}"
}

% RooFit
@Booklet{RooFit,
      author         = "Verkerke, Wouter and Kirkby, David",
      title          = "{The RooFit toolkit for data modeling}",
      year           = "2003",
      eprint         = "physics/0306116",
      archivePrefix  = "arXiv",
      primaryClass   = "physics.data-an",
}

% RooUnfold
@Booklet{Adye:2011gm,
      author         = "Adye, Tim",
      title          = "{Unfolding algorithms and tests using RooUnfold}",
      year           = "2011",
      eprint         = "1105.1160",
      archivePrefix  = "arXiv",
      primaryClass   = "physics.data-an"
}

@techreport{Franchino:2730851,
      author        = "Franchino, Silvia and ATLAS Collaboration",
      collaboration = "ATLAS",
      title         = "{The phase-1 upgrade of the ATLAS level-1 calorimeter
                       trigger}",
      institution   = "CERN",
      reportNumber  = "ATL-DAQ-PROC-2020-015",
      address       = "Geneva",
      year          = "2020",
      url           = "https://cds.cern.ch/record/2730851",
}

% TMVA
@Booklet{TMVA,
      author         = "Hoecker, Andreas and others",
      title          = "{TMVA - Toolkit for Multivariate Data Analysis}",
      year           = "2007",
      eprint         = "physics/0703039",
      archivePrefix  = "arXiv",
      primaryClass   = "physics.data-an",
}



@techreport{ATL-SOFT-PUB-2021-001,
      collaboration = "ATLAS",
      title         = "{The ATLAS Collaboration Software and Firmware}",
      institution   = "CERN",
      reportNumber  = "ATL-SOFT-PUB-2021-001",
      address       = "Geneva",
      year          = "2021",
      url           = "https://cds.cern.ch/record/2767187",
      note          = "All figures including auxiliary figures are available at
                       https://atlas.web.cern.ch/Atlas/GROUPS/PHYSICS/PUBNOTES/ATL-SOFT-PUB-2021-001",
}


@book{CERN-LHCC-97-016,
      collaboration = "ATLAS",
      title         = "{ATLAS inner detector: Technical Design Report, 1}",
      publisher     = "CERN",
      address       = "Geneva",
      series        = "Technical design report. ATLAS",
      year          = "1997",
      url           = "https://cds.cern.ch/record/331063",
}


@book{Haywood:331064,
      author        = "Haywood, S and Rossi, L and Nickerson, R and Romaniouk, A",
      collaboration = "ATLAS",
      title         = "{ATLAS inner detector: Technical Design Report, 2}",
      publisher     = "CERN",
      address       = "Geneva",
      series        = "Technical design report. ATLAS",
      year          = "1997",
      url           = "http://cds.cern.ch/record/331064",
}



@misc{tuningtools,
  author = {Freund. Werner, Pinto. João, Verissímo Micael},
  title = {TuningTools},
  year = {2013},
  publisher = {GitHub},
  journal = {GitHub repository},
  howpublished = {\url{https://github.com/wsfreund/TuningTools}},
  commit = {a86036e42270365fe6d0c1f2ccb17fb1b649c917}
}